3482 5098
726 302 946 368 „19-

316 496 390 579 Qua
426 497 598 564 occasione
632 515 711 564 usus
745 495 790 561 M.
821 492 992 561 Cornelius
1017 492 1124 561 Cinna
1158 496 1303 575 praetor,
1339 492 1446 558 affinis

228 603 399 686 Caesaris,
435 605 601 686 apparuit,
637 608 671 669 11
704 604 837 685 praeter
872 601 1016 667 omnium
1051 599 1235 683 opinionem
1269 600 1304 665 in
1338 603 1448 667 rostra

227 730 379 796 egressus
421 715 550 777 vestem
592 709 795 793 praetoriam
837 708 941 790 exuit,
982 712 1017 774 11
1054 705 1233 774 Caesarem
1271 711 1449 791 tyrannum

228 819 431 902 appellabat,
467 822 501 884 et
535 817 590 900 qui
625 836 698 883 eum
734 815 946 896 occidissent,
981 813 1221 899 tyrannicidas,
1258 819 1292 880 et
1324 814 1449 880 factum

227 925 387 992 laudabat
420 927 457 990 ut
492 923 690 989 simillimum
718 922 807 988 facto
835 921 881 986 illi
904 921 1075 1003 maiorum,
1099 920 1244 986 11111111
1267 925 1305 987 ut
1328 921 1449 1003 optime

231 1031 366 1097 meritos
382 1030 496 1096 vocari
511 1051 529 1096 e
546 1029 710 1112 Capitolio
726 1027 824 1095 iussit
838 1027 1057 1111 praemiisque
1073 1027 1225 1094 exornari
1240 1026 1342 1112 (App.
1361 1026 1450 1113 121).

318 1136 372 1203 Ac
395 1136 501 1204 Cinna
535 1137 665 1219 quidem
697 1136 885 1202 coniuratos
913 1141 952 1201 ut
974 1135 1199 1219 tyrannicidas
1223 1135 1262 1201 dc
1287 1133 1450 1218 Capitolio

230 1244 344 1311 vocari
376 1245 534 1326 iusserat,
569 1244 707 1327 populus
731 1247 842 1339 autern
871 1261 927 1308 eos
950 1260 1016 1308 non
1038 1242 1221 1329 vocavit:¹)
1244 1261 1322 1308 nam
1345 1242 1409 1308 etsi
1432 1261 1452 1308 a

230 1353 334 1435 primo
357 1357 484 1418 terrore
508 1370 544 1417 se
567 1355 748 1433 receperat,
772 1354 883 1416 tamen
907 1349 964 1416 vix
987 1349 1121 1416 credere
1144 1354 1277 1432 poterat
1300 1368 1357 1416 111
1372 1348 1453 1414 nihil

234 1459 322 1525 aliud
344 1459 489 1524 11111111
511 1459 576 1525 nisi
598 1463 775 1542 tyrannum
800 1457 961 1540 occidere,
987 1458 1045 1524 sed
1067 1477 1137 1524 rem
1160 1477 1226 1523 non
1248 1475 1352 1540 parvo
1376 1476 1452 1523 con·

232 1563 337 1652 silio²)
362 1571 472 1632 aetam
495 1585 568 1632 esse
590 1584 784 1648 persuasum
806 1566 951 1632 habebat
974 1569 1008 1632 et
1028 1565 1155 1632 maiora
1170 1566 1259 1632 mala
1274 1565 1452 1632 metuebat.

319 1673 367 1738 Hi
401 1678 512 1740 autem
539 1692 668 1755 rursus,
704 1692 778 1739 cum
806 1673 940 1739 tandem
963 1671 1208 1754 descenderent,
1233 1672 1314 1738 adeo
1337 1671 1455 1738 incerti

233 1785 328 1848 erant
356 1781 395 1847 de
427 1781 539 1863 populi
562 1781 721 1847 adversus
743 1779 834 1863 ipsos
857 1779 1034 1861 sententia,
1057 1784 1096 1845 ut
1118 1779 1320 1863 gladiatores
1343 1799 1455 1846 secum

232 1889 389 1955 ducerent
412 1887 458 1972 (p.
485 1887 536 1952 17.
563 1886 605 1974 1).
1349 1967 1352 1976 Ι

321 1996 410 2061 Dum
432 1994 534 2078 igitur
557 2013 669 2060 omnes
692 1994 821 2061 initium
843 1995 1004 2060 malorum
1027 2013 1187 2061 novorum
1207 1995 1455 2077 exspectabant,

232 2102 278 2168 M.
302 2101 427 2168 Brutus
451 2102 484 2167 in
509 2103 577 2168 alto
602 2102 731 2167 silentio
755 2102 867 2184 populi
889 2102 986 2167 rebus
1003 2101 1121 2167 futuris
1139 2101 1259 2168 attenti
1273 2102 1456 2168 verecunde

235 2213 390 2290 exceptus
414 2208 524 2274 multis
549 2213 665 2274 contra
689 2206 868 2275 Caesarem
892 2227 932 2275 ac
954 2227 1014 2290 pro
1038 2208 1205 2290 republica
1227 2209 1335 2275 verbis
1359 2208 1457 2274 factis

234 2315 390 2397 populum
413 2315 540 2381 animos
563 2315 709 2398 recipere
725 2334 831 2396 neque
847 2315 1025 2397 quidquam
1041 2316 1120 2382 mali
1136 2320 1329 2398 exspectare
1344 2315 1455 2381 iussit:

235 2440 301 2487 non
336 2421 432 2504 enim,
467 2427 506 2488 ut
539 2423 603 2505 ipsi
637 2442 746 2489 rerum
780 2422 979 2505 potirentur,
1015 2442 1119 2506 neque
1148 2423 1232 2488 alius
1256 2423 1352 2489 ullius
1376 2423 1458 2489 lucri

237 2547 339 2595 causa
372 2547 408 2594 se
445 2549 519 2596 eum
553 2529 774 2610 interfecisse,
810 2529 868 2595 sed
891 2533 929 2595 ut
952 2529 1045 2596 liberi
1069 2535 1103 2595 et
1125 2549 1184 2596 suo
1208 2530 1345 2597 arbitrio
1368 2535 1458 2597 recte

236 2636 470 2718 rempublicam
504 2636 699 2722 1111111113)
745 2637 1009 2719 Praedicataque
1042 2638 1123 2704 urbe
1156 2638 1312 2721 populum
1340 2638 1458 2704 adhor-

236 2749 328 2810 tatus
356 2748 421 2827 est,
456 2748 494 2811 ut
521 2745 660 2812 similem
683 2764 719 2811 11
742 2746 916 2827 praeberet
938 2745 1128 2828 maioribus
1153 2746 1209 2828 qui
1231 2765 1325 2829 reges
1349 2751 1458 2812 sustu-

236 2851 366 2933 lissent,
403 2851 550 2932 quinon
580 2872 639 2935 per
661 2852 727 2918 vim
755 2857 965 2935 regnassent,
1000 2858 1038 2918 ut
1062 2851 1202 2935 Caesar,
1237 2854 1295 2920 sed
1317 2852 1460 2937 legitime

238 2958 342 3024 creati
365 2965 476 3025 essent
499 2958 601 3044 (App.
629 2958 717 3044 122).

325 3065 481 3172 Populus
508 3070 619 3132 autem
658 3085 763 3148 neque
797 3065 986 3150 indignatus
1022 3085 1127 3149 neque
1161 3067 1300 3134 laudans
1335 3068 1459 3136 factum

239 3314 302 3371 loco
327 3316 459 3385 apparet,
487 3316 592 3386 quanto
610 3313 835 3372 interfectoribus
854 3317 995 3372 momento
1013 3315 1112 3387 fuerit,
1138 3315 1213 3387 quod
1233 3331 1265 3371 eo
1284 3315 1330 3372 1111
1348 3320 1462 3389 praeter

242 3403 392 3461 Gaesarem
410 3418 492 3459 nomo
513 3404 633 3474 omnino,
652 3420 688 3459 ne
706 3420 774 3460 11111
792 3403 913 3476 quidem,
932 3404 1040 3461 occisus
1060 3407 1121 3461 erat
1138 3407 1176 3476 (p.
1197 3406 1233 3477 9).

314 3493 336 3563 ¹)
353 3492 475 3564 Appian.
505 3491 523 3548 l.
552 3493 571 3549 l.
599 3491 641 3546 καί
667 3490 760 3554 Κίννας
788 3491 832 3566 μὲν
856 3491 938 3554 οὕτως
958 3492 1053 3564 ἔλεξεν,
1073 3485 1096 3547 οἳ
1115 3491 1167 3554 δὲ,
1189 3536 1197 3553 .
1216 3492 1259 3547 οὐκ
1279 3493 1384 3548 &naboon
1402 3489 1463 3554 τοὺς

242 3579 347 3655 ἄνδρας.
384 3581 466 3649 Quod
484 3581 631 3654 Appianus
650 3581 826 3638 Dolabellam
845 3598 965 3654 quoque,
984 3586 1133 3654 antequam
1145 3583 1250 3640 Brutus
1270 3583 1461 3652 descenderet,

243 3672 453 3729 contionantem
471 3670 547 3742 11111,
564 3671 599 3728 de
619 3688 700 3729 1111
720 3688 771 3728 suo
789 3672 851 3729 loco
869 3672 1033 3729 videbimus

314 3761 336 3832 ²)
355 3760 416 3817 Nic.
436 3761 455 3817 l.
474 3761 492 3816 l.
513 3764 541 3814 111
560 3759 605 3834 γάρ
625 3759 672 3815 ἀπὸ
693 3767 782 3835 μικρᾶς
802 3759 913 3823 διανοίας
932 3762 1057 3835 γεγονέναι
1075 3765 1163 3817 ταῦτα.
1189 3763 1377 3818 pellicatum
1395 3778 1464 3818 non-

243 3851 309 3908 dum
332 3849 502 3922 patefactum
526 3852 587 3907 erat
609 3867 669 3906 rem
689 3853 860 3907 1111111111
881 3851 1014 3920 ,consilio
1033 3850 1151 3922 puerili“
1171 3850 1239 3922 (Cic.
1259 3851 1295 3908 ad
1313 3851 1373 3908 no.
1392 3851 1464 3908 xlv.

243 3942 288 4008 21,
306 3942 343 4010 3).
380 3939 426 3996 Sic
452 3939 536 3995 etiam
555 3956 653 3996 servus
673 3939 818 3997 confestim
837 3942 902 4013 post
920 3939 1049 3996 Caesaris
1069 3940 1196 4010 caedem,
1224 3944 1289 3997 ante
1308 3941 1466 3998 contionem

243 4028 280 4084 ld.
299 4028 392 4100 Bruti,
421 4046 438 4084 a
464 4031 555 4085 matre
574 4026 682 4086 Octavii
705 4046 769 4086 curn
792 4029 891 4086 nuntio
914 4030 982 4086 facti
1000 4028 1179 4102 Apolloniam
1197 4030 1300 4086 missus
1320 4029 1465 4087 bonafide

245 4118 370 4174 narravit
397 4135 531 4190 magnum
557 4118 719 4191 impendere
747 4119 903 4191 periculum
922 4119 1050 4176 Caesaris
1074 4118 1204 4176 affinibus
1228 4119 1344 4192 eiusque
1362 4121 1466 4178 amicos

244 4207 368 4264 interimi
386 4207 458 4278 (Nic.
480 4210 541 4280 16.).

317 4296 411 4369 ³)Dio
439 4301 482 4354 21.
512 4301 536 4355 1.
557 4297 630 4370 qnod
654 4298 716 4369 Dio,
743 4299 776 4354 ut
802 4297 859 4354 iam
878 4299 964 4370 prius,
993 4298 1042 4354 ubi
1059 4298 1140 4354 Bruti
1167 4298 1343 4370 potissimum
1365 4317 1467 4358 nomen

246 4387 408 4459 ponendum
428 4390 490 4444 erat
507 4390 545 4460 (p.
567 4390 607 4444 12.
622 4390 657 4459 5),
676 4387 759 4459 vulgo
778 4387 812 4444 de
831 4388 1055 4446 interfectoribus
1069 4387 1203 4460 loquitur,
1221 4390 1287 4446 inde
1299 4389 1404 4447 factum
1416 4395 1468 4462 eet,

247 4476 323 4548 quod
341 4477 391 4532 has
410 4493 457 4532 111
475 4478 568 4548 magis
584 4478 744 4534 summatim
763 4494 847 4550 quam
866 4480 995 4535 accurate
1014 4477 1136 4534 tradidit.
1275 4562 1290 4592 a

752 4563 759 4575 ’
1256 4564 1273 4617 2
