3482 5098
805 364 1026 430 ..56-

389 557 487 623 Haec'
518 561 628 624 autem
665 557 775 624 omnia
809 577 883 624 enm
918 558 1036 625 ceteris
1071 556 1266 626 testimoniis
1295 559 1416 642 optime
1444 579 1521 626 con·

284 664 455 750 sentiunt,
479 670 517 730 ut
538 667 592 732 vel
614 685 655 732 ex
676 665 728 732 his
752 666 907 748 exemplis
931 667 1051 732 elucet:

387 771 483 854 Quod
516 773 856 840 ValeriusMaximus
892 773 932 840 de
964 774 1075 857 populi
1109 773 1267 840 adversus
1297 772 1436 841 Cinnam
1470 774 1521 841 ira

298 879 429 947 exhibet
462 881 535 969 (IX.
565 881 596 946 9.
628 881 675 964 lt:
717 934 732 964 „
760 934 767 948 .
793 934 800 946 .
824 881 930 947 iratus
965 881 1010 962 ei,
1045 881 1147 963 quod,
1183 900 1256 947 cum
1290 881 1397 947 affinis
1432 885 1521 947 esset

301 987 467 1070 Caesarie,
491 989 651 1055 adversus
676 1007 749 1054 eum
772 988 906 1070 impiam
921 1008 980 1071 pro
997 988 1115 1054 rostris
1131 989 1313 1054 oraticnem
1329 980 1518 1057 habuisses

386 1097 572 1179 comparari
594 1101 705 1178 potest
721 1116 794 1162 cum
817 1098 880 1162 hoo
901 1096 973 1161 loco
989 1095 1136 1178 Appiani
1152 1095 1257 1182 (126);
1286 1105 1305 1178 ,,·
1328 1150 1335 1165 .
1357 1148 1365 1164 .
1387 1101 1417 1162 δι’
1439 1102 1521 1182 ὀργὴν

295 1204 413 1282 ἔχοντες,
435 1201 475 1263 ὅτι
490 1203 532 1262 ἐπὶ
547 1205 587 1282 τῷ
601 1201 730 1283 Καίσαρι,
752 1201 848 1280 καίπερ
864 1203 962 1268 οἰκεῖος
973 1201 1012 1261 ὢν
1024 1201 1114 1276 αὐτοῦ,
1131 1201 1297 1281 βλασφήμως
1310 1201 1519 1281 ἐδημηγόρησε“

383 1303 436 1368 vel
448 1303 534 1384 quod
546 1303 691 1369 Velleius
705 1304 745 1370 de
756 1302 949 1370 Dolabellae
962 1302 1135 1368 consulatu
1147 1301 1320 1368 adnotavit
1332 1301 1388 1386 (II.
1401 1300 1455 1367 58.
1468 1301 1519 1386 3):

388 1461 403 1490 ‚‚
431 1459 439 1475 .
465 1461 472 1476 .
497 1429 571 1476 cum
593 1411 660 1476 iam
685 1410 874 1490 Dolabella,
909 1428 1005 1491 quem
1033 1408 1271 1474 substituturus
1307 1407 1369 1474 sibi
1393 1406 1520 1475 Caesar

296 1515 528 1598 designaverat
544 1518 721 1600 consulem,
737 1517 844 1583 fasces
861 1521 961 1597 atque
976 1515 1118 1598 insignia
1131 1515 1344 1599 corripuisset
1356 1515 1517 1581 consulis“
1555 1606 1559 1614 Ι

386 1641 458 1690 cum
481 1623 638 1690 hocloco
662 1623 809 1708 Appiani
832 1621 937 1709 (122);
990 1629 1067 1704 ‚dcet
1092 1629 1280 1709 disturbetur<i
1311 1629 1451 1690 ὑπατεύειν
1476 1629 1519 1690 ὑπ’

299 1728 382 1789 αὐτοῦ
402 1728 546 1808 Καίσαρος
576 1729 605 1796 ἐς
630 1730 661 1790 τὸ
688 1729 822 1790 ἐπίλοιπον
847 1731 894 1789 τοῦ
921 1731 998 1795 ἔτους
1024 1728 1176 1808 ᾑρημένος,
1206 1728 1255 1806 τὴν
1285 1727 1387 1789 ὕπατον
1418 1729 1521 1808 ἐσθῆτα

295 1826 444 1905 ἠμφιέσατο
468 1827 568 1888 καὶτὰ
589 1831 688 1907 σημεῖα
707 1832 756 1907 τῆς
776 1828 864 1908 ἀρχῆς
885 1827 1106 1906 περιεστήσατο.“

388 1925 443 1992 Sic
470 1927 586 2009 etiam,
621 1946 705 2009 quae
733 1926 877 1993 Velleius
913 1926 953 1992 de
980 1927 1227 1993 interfectorum
1260 1926 1295 1992 in
1319 1926 1519 2008 Capitolium

295 2033 374 2115 fuga
402 2035 687 2101 commemoravit:
735 2035 800 2117 „Hi
823 2033 858 2122 (i.
883 2053 911 2099 e.
936 2034 998 2100 duo
1022 2033 1119 2099 Bruti
1154 2039 1188 2099 et
1211 2032 1249 2101 C.
1275 2032 1425 2119 Cassius)
1453 2053 1520 2100 una

294 2158 368 2205 cum
391 2141 629 2207 coniurationis
653 2141 748 2225 globo
773 2140 974 2225 Capitolium
997 2143 1219 2223 occupavere“

383 2247 528 2314 sortasse
553 2248 701 2314 conferre
730 2249 807 2313 ficet
829 2267 903 2314 cum
930 2249 994 2314 hac
1016 2248 1207 2314 narratione
1229 2247 1401 2315 Plutarchi
1428 2247 1518 2332 (Cas,

300 2354 356 2421 67.
380 2353 430 2440 2):
460 2362 512 2434 „Oi
531 2363 561 2422 δὲ
581 2363 641 2443 περὶ
655 2361 776 2444 Βροῦτον
790 2362 847 2439 ἅμα
861 2361 960 2428 πάντες
981 2362 1034 2422 ἀπὸ
1054 2365 1103 2422 τοῦ
1118 2362 1309 2444 βουλευτηρίου
1325 2362 1520 2444 συστραφέντες

299 2460 422 2540 ἐχώρουν
444 2461 481 2526 εἰς
500 2461 531 2521 τὸ
552 2461 757 2522 Καπιτώλιον.“

385 2559 441 2627 Ad
468 2579 568 2626 unum
601 2561 703 2644 igitur
717 2561 878 2648 'Asinium
901 2560 1083 2626 Pollionem
1111 2560 1270 2642 redactis,
1305 2580 1517 2643 quaecunque

275 2667 337 2733 ¹de
360 2667 457 2733 rebus
480 2667 555 2733 inde
579 2687 600 2733 a
623 2667 779 2734 Caesaris
802 2688 882 2735 nece
905 2667 1008 2751 gestis
1037 2667 1130 2732 nobis
1153 2667 1278 2732 tradita
1305 2672 1397 2750 sunt,
1432 2668 1518 2734 hanc
1556 2748 1559 2754 .

297 2774 443 2839 tabulam
455 2774 553 2840 liceat
565 2795 758 2858 proponere,
775 2794 841 2857 qua
853 2775 1057 2854 ostendatur,
1073 2793 1157 2856 quae
1169 2775 1255 2839 ratio
1268 2773 1354 2839 inter
1365 2775 1517 2841 Asinium

193 2932 195 2936 .
297 2878 478 2947 Pollionem
502 2886 536 2946 et
552 2882 697 2966 singulos
720 2883 899 2964 scriptores
914 2880 1101 2947 intercedat
1123 2880 1198 2966 (hos
1214 2884 1326 2946 autem
1342 2881 1520 2950 secuudum

297 2991 441 3083 aetatem
464 2989 587 3072 posuit:

559 3803 657 3874 myrum)
686 3795 896 4280 Nur)
935 3765 1089 3855 Plutarchus)
1129 3763 1269 3858 suetonius)
1309 3805 1440 3859 Applonus³

452 4291 618 4350 vuenuaxr)
645 4261 767 4349 venerio)
793 4295 858 4349 οισι)

293 4395 505 4406 ——u-u

363 4453 384 4522 ¹>
403 4453 436 4511 cf.
460 4472 489 4528 p.
510 4456 553 4513 54.
583 4489 616 4500 -
644 4459 666 4530 ²)
688 4476 717 4530 p.
736 4459 851 4517 so-sr.
870 4479 912 4500 ·-
940 4458 962 4530 ³>
985 4475 1012 4531 p.
1030 4462 1145 4519 re-eo.
1179 4492 1212 4504 -
1242 4463 1261 4536 ι)
1285 4481 1312 4536 p.
1331 4437 1445 4524 ,νο-53.
1473 4495 1507 4508 -

363 4543 384 4614 ⁶)
403 4561 430 4616 p.
450 4546 564 4605 ss-so.
584 4579 615 4588 -
637 4549 658 4616 ν
677 4565 704 4620 p.
724 4549 837 4606 54—55.
