3482 5098
787 301 1008 369 ..52-

369 498 455 567 idem
478 495 653 581 Appianus
678 495 797 564 omisso
822 498 952 580 quidem
974 496 1114 566 Pacuvii
1137 498 1266 566 nomine
1290 497 1396 584 (146);

463 603 579 685 ,Θρῆνοι
597 602 721 686 ᾔδοντο·

461 701 540 780 *Ἐμὲ
561 704 592 763 δὲ
612 705 658 764 καὶ
679 701 772 768 τούςδε
794 705 940 782 περισῶσαι
959 703 1022 768 τοὺς
1042 703 1203 780 κτενοῦντάς
1223 703 1297 780 pem

369 803 419 871 Ut
451 808 563 870 autem
599 821 652 886 ea,
688 821 773 885 quae
807 807 945 884 uterque
980 803 1020 869 de
1043 795 1194 886 virgultis
1230 822 1270 870 ao
1298 804 1504 872 subselliisa

280 912 401 994 populo
436 911 479 977 ad
502 930 617 994 rogum
641 911 806 993 congestis
840 911 894 976 vel
928 909 968 977 de
996 910 1143 976 vestibus
1172 911 1325 993 pretiosis
1352 911 1504 978 flammae

280 1018 409 1085 iniectis
432 1019 593 1100 namamt,
617 1019 738 1102 optime
761 1018 848 1084 inter
870 1037 906 1084 se
930 1019 1148 1101 consentiunt,
1172 1019 1221 1085 ita
1241 1038 1314 1084 cnm
1338 1019 1395 1104 eis,
1419 1039 1504 1102 quae

280 1125 546 1194 Plutarchus‘de
568 1126 619 1193 his
643 1125 741 1192 rebus
764 1126 896 1192 exhibet
919 1123 997 1212 (68).

371 1233 442 1299 Nec
475 1232 803 1316 praetermittendum
839 1236 903 1315 est,
940 1231 1026 1315 quod
1050 1230 1225 1299 Suetonius
1259 1234 1293 1299 in
1327 1235 1391 1300 fine
1414 1235 1504 1302 vitae

283 1340 454 1423 Caesario,
483 1345 517 1408 et
539 1340 713 1424 Appianus
737 1343 931 1424 comparata
955 1339 1110 1407 Caesaris
1134 1359 1207 1406 oum
1230 1338 1412 1408 Alexandri
1434 1343 1505 1409 vita

282 1447 413 1531 proprie
440 1448 610 1515 admonuit
637 1448 798 1515 neminem
825 1448 1073 1514 interfectorum
1096 1466 1158 1513 sua
1184 1452 1290 1514 morte
1310 1448 1504 1520 defunctum

283 1574 356 1622 esse
379 1554 458 1641 (153
476 1560 511 1622 et
524 1557 587 1623 ΠΙ.
607 1555 651 1642 1),
676 1556 733 1622 sed
756 1555 798 1622 ad
822 1575 921 1622 unum
945 1574 1058 1621 omnes
1082 1560 1172 1621 terra
1187 1556 1336 1639 marique
1358 1557 1504 1640 agitatos

282 1662 417 1748 perisse,
432 1662 517 1731 idem
535 1664 622 1746 apud
637 1663 854 1730 Plutarchum
869 1664 902 1729 in
918 1663 981 1729 fine
997 1663 1087 1730 vitae
1105 1662 1259 1730 Caesaris
1277 1663 1343 1749 (69)
1361 1668 1503 1732 exstare.

372 1770 484 1852 Atque
508 1771 590 1838 haec
606 1770 736 1855 quidem
760 1772 800 1837 de
815 1774 1015 1838 testamento
1040 1775 1074 1837 et
1096 1772 1208 1837 funere
1225 1769 1394 1837 Caesaris:
1419 1773 1505 1854 quod

284 1881 394 1945 autem
434 1879 476 1945 ad
515 1883 640 1946 statum
677 1878 875 1960 reipubhcae
918 1877 1072 1944 Caesaris
1117 1884 1255 1944 mortem
1296 1883 1505 1945 consecutum

283 1985 414 2068 attinet,
436 1987 498 2052 has
521 2006 574 2052 res
597 1985 729 2052 tradere
745 1985 922 2052 Suetonius
946 1985 1046 2052 etiam
1062 1986 1168 2052 minus
1192 2005 1291 2069 quam
1305 1984 1504 2053 Plutarchus

180 2173 183 2180 ,
284 2111 383 2160 curae
405 2093 534 2175 habuit,
570 2094 629 2160 sed
651 2093 802 2160 narravit
829 2097 975 2174 tantum,
1009 2091 1171 2175 quomodo
1196 2091 1350 2158 Caesaris
1386 2112 1504 2176 corpus

284 2201 414 2266 domum
447 2205 616 2284 portatum
650 2204 759 2284 esset,
795 2200 911 2267 deinde
946 2201 988 2266 ad
1023 2203 1257 2266 testamentum
1293 2199 1361 2266 eius
1396 2205 1505 2266 trans·

284 2327 457 2390 gressuros
479 2307 651 2391 praemisit
674 2312 751 2374 acta
775 2307 929 2374 Caesaris
953 2311 1089 2373 servata
1112 2325 1184 2371 esse
1208 2304 1286 2391 (83).

374 2414 438 2482 Sed
460 2415 514 2482 vel
536 2417 619 2481 haec
642 2434 716 2481 eam
738 2433 819 2498 prae
842 2433 877 2480 se
893 2414 1003 2480 ferunt
1018 2412 1170 2496 speciem,
1194 2414 1232 2477 ut
1255 2431 1295 2478 ea
1317 2431 1382 2478 non
1398 2415 1505 2482 minus

285 2528 385 2606 atque
420 2542 504 2606 quae
539 2523 578 2589 de
613 2527 811 2590 testamento
848 2526 881 2588 et
908 2522 1021 2587 funere
1051 2523 1088 2585 at
1103 2519 1179 2600 uht,
1215 2539 1256 2585 ex
1279 2521 1407 2604 eodem,
1432 2542 1505 2605 ¹quo

284 2631 457 2713 Appianus
482 2634 515 2696 et
537 2630 694 2697 Nicolaus
716 2631 808 2696 fonte
830 2629 884 2696 usi
906 2632 993 2710 sunt,
1017 2627 1150 2694 fluxisse
1174 2624 1309 2712 dicas1).

375 2737 469 2820 Quod
504 2737 633 2820 quidem
656 2737 718 2826 de·
732 2737 837 2803 tribus
864 2735 928 2802 illis
956 2734 1060 2801 servis
1088 2733 1154 2799 iam
1188 2733 1327 2800 vidimus
1364 2736 1406 2818 (p.
1430 2736 1506 2822 50);

286 2846 372 2928 quod
395 2849 506 2912 autem
541 2845 628 2928 apud
650 2844 840 2928 Appianum
868 2847 901 2909 et
924 2842 1097 2908 Nicolaum
1125 2840 1283 2906 traditum
1318 2847 1369 2908 est
1390 2845 1509 2926 Lepidi

285 2952 488 3035 Antoniique
503 2957 627 3018 metum
635 2950 659 3037 2)
676 2971 810 3019 causam
825 2951 937 3030 fuisse,
962 2967 1064 3030 quare
1079 2940 1306 3014 interfectores
1321 2968 1387 3015 non
1402 2953 1507 3018 solnm

164 3091 166 3096 ·
286 3079 422 3144 corpore
445 3060 515 3126 eius
538 3061 571 3126 in
595 3060 686 3126 curia
701 3059 816 3124 relicto
839 3059 874 3123 in
891 3055 1090 3138 Capitolium
1106 3053 1302 3138 ingerenti),
1326 3056 1384 3122 sed
1407 3058 1507 3126 etiam

286 3169 337 3234 his
360 3187 419 3249 per
434 3167 561 3250 legatos
585 3167 825 3249 promitterent,
849 3183 885 3230 se
900 3162 992 3245 pacis
1008 3181 1111 3229 causa
1133 3167 1211 3229 acta
1226 3162 1294 3228 eius
1310 3163 1508 3234 rescissuros

287 3294 352 3340 non
368 3273 482 3359 esse,⁴)
505 3274 591 3341 idem
607 3273 694 3356 apud
709 3271 902 3339 Suetonium
917 3269 1109 3336 summatim·
1122 3269 1170 3334 sic
1184 3270 1342 3336 traditum
1358 3273 1409 3335 est
1425 3271 1508 3357 (83):

378 3380 523 3464 „Fuerat
546 3381 674 3447 animus
690 3378 880 3463 coniuratio,
906 3395 1024 3459 corpus
1041 3375 1141 3441 occisi
1156 3376 1191 3441 in
1206 3376 1349 3442 Tiberim
1364 3378 1507 3461 trahere,

285 3491 373 3556 bona
394 3488 575 3571 publicare,
611 3492 688 3554 acta
710 3486 910 3568 rescindere,
946 3484 1004 3550 sed
1031 3487 1121 3550 metu
1143 3482 1189 3549 M.
1213 3481 1341 3549 Antoni
1367 3474 1509 3572 considis

287 3601 321 3663 et
342 3595 494 3680 magistri
517 3595 661 3678 equitum
683 3593 801 3676 Lepidi
823 3591 1051 3660 destiterunt.“

375 3703 488 3786 Atque
510 3703 594 3772 haec
616 3700 781 3768 sufficiant
804 3700 847 3766 ad
869 3699 1089 3782 probandum,
1126 3697 1213 3780 quod
1230 3695 1269 3762 in
1296 3695 1389 3762 initio
1413 3697 1511 3766 huius

289 3809 491 3893 quaestionis
515 3809 734 3891 significatum
757 3812 888 3874 tantum
911 3811 984 3874 erat
1007 3806 1051 3890 (p.
1069 3805 1099 3873 2.
1124 3803 1169 3892 ὁ),
1193 3803 1384 3872 Suetonium
1406 3805 1512 3875 rideri

212 4049 214 4054 ,
360 3986 381 4056 ¹)
402 3983 594 4040 admonuerim
612 3983 795 4041 Schmidtium
817 3984 848 4039 in
871 3982 1034 4056 quaestione
1057 3998 1122 4038 sua:
1150 3979 1302 4050 „Nicolws
1321 3977 1512 4041 Damascenus

288 4073 347 4130 und
360 4071 509 4130 Suetonius
526 4071 726 4146 Tranquillus“
744 4073 774 4142 (l.
793 4073 821 4143 l)
842 4073 954 4130 erebus
974 4086 1064 4143 usquc
1082 4069 1119 4126 ud
1138 4067 1267 4126 Caesaris
1286 4072 1406 4125 mortem
1424 4072 1511 4140 gestis

287 4162 376 4219 multa
395 4161 523 4233 exempla
541 4160 678 4235 attulisse,
696 4162 771 4219 unde
785 4163 923 4233 apparent
934 4159 1098 4218 Suetonium
1117 4160 1146 4215 et
1157 4156 1304 4214 Nicolaum
1316 4156 1414 4214 eodem
1432 4157 1510 4220 fonte

287 4265 466 4415 ῗεοὶῗεῗῗθε
486 4339 595 4395 Λέπιδόν
615 4359 642 4394 τε
662 4339 820 4397 ἐδεδοίκεσαν
838 4385 848 4405 ,
867 4383 875 4400 .
893 4338 934 4394 καὶ
952 4339 1090 4397 ’Λντώνιον
1110 4332 1276 4394 ὑπατεύοντα,

286 4470 288 4476 .
361 4428 383 4498 ³)
401 4429 469 4572 320:
488 4424 555 4482 οὕτω
575 4429 597 4484 δ’
618 4429 720 4505 ἔχοντες
739 4429 766 4494 ἐς
784 4428 813 4486 τὸ
833 4428 995 4486 Καπιτώλιον
1014 4424 1147 4500 ἀνέθορον,
1165 4421 1200 4483 of.
1219 4421 1282 4482 Nic.
1300 4426 1335 4482 25
1354 4426 1383 4482 et
1400 4426 1443 4482 26.

361 4518 382 4586 ¹)
427 4516 461 4576 ie.
481 4519 524 4576 27.
