3482 5098
791 344 1010 407 ...10-

288 531 400 598 binum
424 531 604 601 Calvisium
632 537 666 599 et
697 532 922 616 Censorinum,
941 534 968 620 ¹)
994 535 1052 602 sed
1085 533 1145 602 hos
1180 555 1308 619 quoque
1335 539 1509 620 postquam

288 638 412 721 impetu
441 658 463 708 a
497 640 676 709 coniuratis
710 640 799 708 facto
834 644 967 725 paulum
997 642 1195 726 restiterint,
1229 643 1352 727 fugisse
1375 649 1510 728 propter

287 745 416 812 illorum
454 747 707 831 multitudinem
755 752 882 814 ceteros
918 767 996 814 vero
1035 768 1114 816 suae
1152 750 1252 817 saluti
1289 751 1508 834 prospexisse.

289 852 407 919 Fuisse
423 853 523 921 etiam
539 854 655 937 quibus
671 856 734 922 hoc
750 875 790 921 ex
806 855 971 922 sententia
985 856 1093 938 fieret,
1118 860 1207 923 certe
1223 855 1353 940 quidem
1369 858 1510 939 aliquem

289 979 329 1026 ex
345 959 392 1026 eis
408 959 448 1027 de
461 959 606 1028 Caesare
621 968 750 1029 mortuo
762 963 994 1045 pronuntiasse
1010 963 1088 1029 diei:
1108 961 1218 1047 „Satis
1230 965 1357 1032 servitii
1368 968 1509 1049 tyranno

287 1065 475 1149 praestiti“!

380 1172 525 1240 Similem
558 1175 593 1241 in
626 1176 757 1242 modum
780 1177 857 1258 Dio,
892 1182 1068 1259 postquam
1102 1177 1262 1260 narravit,
1297 1196 1382 1260 quae
1405 1179 1509 1261 primo

289 1280 340 1347 die
356 1285 452 1364 gesta
467 1282 534 1348 sint
549 1282 590 1348 ab
606 1282 869 1350 interfectoribus
886 1283 953 1369 (44,
978 1283 1134 1370 20-21),
1158 1285 1201 1351 ed
1217 1283 1371 1351 Caesaris
1387 1286 1510 1352 amicos

288 1393 528 1472 transgressus,
551 1389 691 1471 primum
716 1390 845 1472 quidem
868 1390 1008 1457 tradidit
1024 1391 1231 1458 Dolabellam
1253 1391 1287 1456 in
1312 1390 1511 1475 Capitolium

288 1494 331 1562 ad
359 1495 585 1562 interfectores
610 1496 797 1562 ascendisse
822 1496 886 1582 (22,
913 1495 957 1582 1),
985 1496 1101 1563 deinde
1123 1497 1284 1579 Lepidum
1307 1499 1413 1565 forum
1436 1518 1510 1565 cum

288 1601 443 1668 militibus
467 1601 534 1667 suis
558 1607 654 1669 nocte
670 1621 849 1685 occupasse
873 1607 906 1670 et
921 1603 1027 1685 prima
1049 1605 1121 1670 luce
1145 1609 1260 1672 contra
1283 1605 1509 1672 interfectores

291 1709 516 1775 contionatum
541 1729 623 1792 2222,
652 1716 723 1776 tum
746 1710 885 1777 Antonii
912 1731 981 1777 rem
1004 1717 1133 1795 gestam
1157 1712 1303 1778 dicturus
1326 1713 1509 1795 praemittit

294 1837 367 1884 eum
392 1817 563 1883 confestim
587 1837 628 1883 ex
644 1817 799 1885 Caesaris
822 1822 929 1885 morte
952 1818 1076 1902 fugisse
1100 1824 1134 1886 21
1156 1824 1282 1886 12212111
1295 1822 1510 1902 consularem,

287 1931 329 1992 ne'
352 1924 570 2007 detegeretur,
594 1925 753 1991 abiecisse
777 1930 811 1991 21
834 1930 964 1992 noctem
986 1925 1124 1992 latuisse
1148 1925 1208 2012 (2).
1240 1926 1254 2013 )

380 2031 475 2097 Haec
509 2031 596 2113 apud
619 2031 792 2098 Nicolaum
827 2038 861 2099 ct
888 2033 1028 2099 Dionem
1047 2032 1074 2118 3)
1108 2034 1202 2100 nobis
1237 2033 1361 2100 tradita
1388 2033 1510 2116 optime

290 2137 544 2221 comprobantur
560 2136 727 2213 Ciceronis
750 2139 937 2206 testimonio
962 2140 1024 2206 hoc
1048 2139 1097 2226 (Π
1111 2140 1197 2207 Phil.
1216 2139 1287 2227 88):
1315 2139 1428 2226 „Quae
1451 2144 1510 2206 tua

290 2246 379 2329 fuga,
404 2263 488 2326 quae
504 2245 641 2311 formido
658 2248 828 2328 praeclaro
851 2247 905 2312 illo
923 2247 988 2314 diel
1014 2245 1107 2328 Quae
1127 2252 1263 2330 propter
1277 2247 1511 2314 conscientiam

292 2352 451 2418 scelerum
476 2352 661 2434 desperatio
685 2353 784 2436 vitae,
809 2373 882 2421 cum
902 2374 943 2420 211.
965 2355 1022 2422 illa
1044 2354 1123 2438 fuga
1137 2354 1293 2422 beneficio
1310 2373 1433 2437 eorum,
1457 2353 1512 2436 qui

289 2463 333 2541 te,
368 2459 397 2526 si
432 2477 532 2526 sanus
567 2479 667 2544 esses,
705 2462 832 2528 salvum
867 2479 939 2528 esse
973 2463 1157 2544 voluerunt,
1193 2463 1277 2529 clam
1312 2466 1345 2529 12
1379 2462 1510 2528 domum

290 2566 480 2649 recepistis

385 2672 510 2755 Quodsi
538 2675 794 2757 quaesieramus,
830 2676 990 2758 quomodo
1015 2675 1180 2742 Antonius
1214 2676 1248 2740 in
1281 2674 1424 2740 tumultu
1457 2673 1512 2739 illo

294 2781 425 2847 domum
448 2781 663 2864 pervenisset,
688 2782 830 2848 occurrit
843 2782 937 2849 nobis
953 2801 1018 2849 non
1034 2784 1138 2849 solum
1155 2802 1228 2849 eum
1243 2785 1336 2847 veste
1351 2781 1515 2847 consulari

293 2887 422 2954 abiecta
445 2888 576 2954 domum
598 2888 732 2972 fugisse,
762 2889 819 2955 sed
843 2889 943 2956 etiarn
965 2890 1054 2972 illud,
1079 2909 1162 2972 eum,
1185 2891 1361 2972 postquam
1383 2888 1514 2954 domum

291 2994 487 3077 pervenerit,
504 2995 584 3061 nihil
600 3014 716 3062 ausum
732 3015 805 3062 esse
826 3015 934 3080 agere.
964 2995 1038 3078 Qua
1054 2997 1094 3063 de
1109 3017 1145 3063 re
1162 2997 1238 3080 quid
1255 2995 1342 3062 aliud
1357 2994 1512 3074 dicemus,

291 3121 389 3184 quam
404 3102 516 3169 idibus
532 3102 663 3170 Martiis
687 3105 740 3170 vel
762 3103 976 3170 fortissimum
993 3123 1152 3187 quemque
1175 3104 1319 3170 animum
1335 3101 1511 3168 defecisse?

292 3207 357 3275 Sed
380 3214 505 3291 quanta
528 3211 657 3276 occasio
681 3210 756 3277 inde
780 3211 903 3278 amissa
925 3211 979 3292 211,
1004 3212 1076 3294 quis
1100 3211 1209 3277 metiri
1235 3210 1330 3277 velit?

383 3315 566 3398 Postquam
589 3319 841 3400 exploravimus,
866 3318 971 3400 qualis
994 3319 1140 3385 condicio
1164 3317 1343 3384 amicorum
1359 3314 1514 3381 Caesaris

292 3421 396 3503 primo
412 3421 464 3488 die
479 3422 588 3505 fuerit,
613 3424 679 3491 iam
694 3425 874 3508 rideamne,
899 3425 976 3506 quid
991 3425 1218 3491 interfectores
1236 3441 1273 3489 22
1297 3422 1348 3489 die
1365 3421 1514 3490 fecerint.

383 3527 556 3611 Appianas
579 3531 719 3613 primum
748 3531 878 3613 quidem
902 3531 1038 3598 tradidit
1066 3531 1293 3597 interfectores
1318 3527 1515 3611 Capitolium

296 3653 474 3718 occupasse
498 3636 601 3723 (119),
637 3639 752 3706 deinde
774 3635 822 3706 m
843 3639 986 3706 Brutum
1020 3639 1054 3704 in
1088 3638 1272 3704 contionem
1308 3635 1515 3702 descendisse

294 3741 507 3830 (120-122),
531 3749 612 3828 tum,
636 3764 710 3811 cum
732 3745 799 3812 iam
822 3745 884 3811 hoc
905 3745 938 3810 in
956 3743 1155 3827 Capitolium
1177 3761 1310 3809 reverso
1333 3759 1447 3809 necess
1455 3741 1516 3807 arii

293 3942 505 3954 —u-——-—-—-—-

363 4045 384 4116 ¹)
402 4044 445 4102 De
468 4046 512 4103 his
536 4046 570 4106 cf.
588 4047 725 4106 Willems:
748 4047 788 4105 Le
812 4047 892 4105 221121
920 4047 955 4104 de
973 4045 1001 4102 la
1019 4044 1087 4117 Rep.
1107 4043 1186 4100 Rom.
1205 4041 1227 4100 1.
1245 4057 1273 4113 p.
1292 4043 1353 4098 1163.
1374 4045 1387 4098 1
1408 4044 1515 4102 21569.

291 4134 335 4190 20.
371 4133 409 4190 Hi
426 4139 492 4193 sunt
509 4137 637 4194 consules
656 4137 724 4193 anni
742 4137 851 4195 115139.

364 4223 387 4292 ²)
406 4224 546 4288 Ἀντώνιος
556 4233 712 4301 παραχρῆμα
726 4224 788 4299 μετὰ
800 4223 843 4279 τὸν
858 4228 901 4278 τοῦ
914 4218 1046 4296 Καίσαρος
1060 4219 1169 4275 θάνατον
1181 4221 1264 4294 φυγὼν
1274 4211 1315 4272 καὶ
1325 4221 1370 4293 τήν
1381 4236 1408 4272 τε
1419 4219 1516 4293 ἐσθῆτα

292 4311 338 4386 τὴν
357 4311 471 4389 ἀρχικήν,
490 4314 558 4376 ὅπως
579 4315 700 4386 διαλάθῃ,
719 4311 797 4393 ῥίψας
814 4306 857 4368 καὶ
874 4313 920 4372 τὴν
943 4312 1018 4366 νύκτα
1036 4308 1158 4384 κρυφθεὶς
1173 4351 1178 4362 .
1193 4349 1219 4365 ..
1240 4305 1380 4364 21111221.
1400 4325 1427 4379 p.
1447 4312 1471 4365 9.
1493 4313 1516 4364 l.

367 4402 388 4470 8)
407 4406 511 4461 utiam
530 4406 648 4475 mittam,
667 4420 738 4476 quae
758 4403 924 4461 Plutarchus
943 4403 973 4457 111
991 4401 1056 4458 vitis
1075 4398 1204 4456 Caesaris
1224 4399 1292 4467 (61),
1311 4395 1432 4454 Antonii
1450 4399 1517 4468 (14),

292 4491 372 4548 Bruti
392 4495 455 4564 (18),
474 4493 509 4550 de
527 4495 594 4564 fuga
613 4493 729 4550 Antonii
747 4492 851 4548 attulit.
