3482 5098
820 391 1041 456 ..28-

316 587 432 653 tolium
456 587 682 668 confugerant,
727 586 798 651 Nec
821 584 884 649 illis
912 584 954 650 ad
977 584 1137 650 ultionem
1166 583 1280 650 deerat
1303 583 1447 663 animus,
1484 581 1542 646 sed

316 695 429 761 ducem
452 694 595 760 nondum
620 693 817 759 habebant.“

381 791 384 798 ’
404 801 563 868 Veterani
586 800 687 884 igitur
710 800 751 866 ab
774 797 867 864 initio
891 797 1034 880 prompti
1057 801 1153 864 erant
1176 797 1219 862 ad
1243 796 1422 862 Caesarem
1443 796 1542 862 ulcis·

316 909 464 990 cendum,
487 908 546 974 sed
568 907 723 989 quoniam
738 906 843 988 primo
861 905 912 971 die
927 904 1093 971 Antonius
1111 905 1222 971 consul
1239 903 1327 970 domi
1342 923 1378 970 se
1395 903 1542 984 tenebat,

315 1014 461 1096 Lepidus
487 1017 598 1080 autem
621 1013 654 1078 in
678 1012 797 1078 castris
822 1012 921 1078 etiam
946 1012 1086 1092 aberat,
1105 1011 1186 1078 nihil
1215 1030 1253 1077 eo
1278 1011 1329 1077 die
1353 1011 1425 1076 ausi
1453 1015 1541 1076 sunt.

406 1121 491 1187 Illud
514 1120 615 1204 igitur
637 1121 780 1186 fortasse
804 1119 1000 1185 contendere
1023 1119 1100 1184 licet
1121 1117 1327 1200 Appianum,
1352 1137 1425 1184 oum
1449 1122 1538 1183 vete·

319 1247 418 1295 ranos
441 1228 528 1294 inter
551 1244 610 1294 eos
630 1231 817 1308 recenseat,
844 1225 932 1292 inter
954 1245 1036 1308 quos
1064 1225 1222 1307 pecuniae
1245 1225 1440 1291 distributae
1464 1224 1540 1307 sint,

316 1334 465 1416 sibiipsi
498 1334 669 1401 nonsatis
699 1338 861 1400 constare.
908 1332 973 1399 Sed
997 1333 1127 1399 etiamsi
1155 1336 1330 1399 veteranos
1358 1332 1540 1412 mittamus,

317 1441 443 1524 reliqua
465 1461 530 1508 non
553 1442 659 1525 magis
683 1441 856 1525 quadrant.

405 1550 492 1615 Nam
516 1549 665 1631 quamvis
689 1549 785 1615 facile
808 1548 908 1615 fuerit
931 1568 971 1615 ex
995 1547 1130 1631 talibus,
1160 1566 1241 1631 quos
1265 1546 1439 1629 Appianns
1463 1566 1539 1613 enu-

316 1661 437 1738 merat,
465 1657 667 1738 hominibus,
695 1657 872 1723 factionem
896 1656 959 1723 sibi
982 1674 1174 1738 comparare
1199 1653 1409 1740 (Mommsen,
1443 1655 1540 1720 Rdm.

317 1763 434 1830 Tribus
458 1784 490 1846 p.
509 1762 598 1849 184),
622 1764 784 1846 quomodo
808 1764 932 1830 factum
956 1766 1108 1845 putemus
1133 1781 1216 1844 esse,
1239 1765 1277 1828 ut
1300 1761 1538 1843 interfectores

318 1889 392 1936 cum
414 1871 478 1953 ipsi
500 1870 535 1936 in
552 1869 751 1952 Capitolium
773 1871 946 1954 fugissent,
970 1870 1108 1952 populus
1125 1875 1237 1936 autem
1252 1869 1408 1935 insonum
1425 1869 1539 1935 statim

316 1983 425 2063 (εὐθύς)
450 1982 669 2061 congregatus
699 1983 802 2060 esset,
836 1977 967 2044 interim
996 1977 1072 2043 huic
1105 1977 1261 2059 pecunias
1297 1976 1539 2044 distribuendas

315 2085 501 2151 misissent?

404 2191 455 2258 Ex
484 2192 548 2258 hac
576 2191 768 2259 difficrdtate
791 2210 832 2259 ne
855 2193 1029 2259 Drumann
1057 2192 1186 2274 quidem
1215 2192 1282 2259 alia
1309 2191 1437 2258 ratione
1466 2210 1539 2258 sese

317 2299 469 2381 expedire
491 2299 614 2382 potuit,
648 2299 711 2365 nisi
746 2304 784 2366 ut
806 2298 953 2382 Appiani
988 2299 1028 2366 de
1062 2304 1209 2381 tempore
1244 2299 1341 2366 huius
1377 2299 1538 2365 contionis

316 2406 504 2473 testimonio
520 2406 642 2473 reiecto
659 2407 843 2473 contionem
867 2407 1009 2473 secundo
1027 2406 1078 2473 die
1094 2411 1231 2498 poneret
1247 2406 1290 2491 (p.
1304 2404 1376 2493 87);
1401 2426 1538 2489 eumque

317 2513 422 2580 secuti
445 2519 522 2580 sunt
545 2514 652 2580 adhuc
675 2533 797 2580 omnes.

404 2619 469 2687 Sed
492 2621 631 2688 vidimus
666 2621 732 2687 iam
754 2620 946 2703 Appianum
979 2621 1042 2687 hoo
1064 2619 1195 2702 quidem
1228 2620 1299 2686 loco
1329 2620 1369 2687 de
1391 2625 1538 2702 tempore
1606 2657 1607 2660 π

316 2727 448 2795 minime
464 2746 603 2810 errasse,
628 2732 662 2795 ot
677 2728 763 2811 qnod
781 2726 949 2794 Ciceronis
965 2727 1187 2794 testimonium
1204 2746 1263 2794 suo
1279 2728 1351 2794 loco
1367 2729 1537 2795 attulimus

316 2834 362 2921 (p.
393 2832 465 2921 ll),
505 2835 646 2902 accessit
679 2835 902 2902 testimonium
937 2833 1155 2902 certissimum
1187 2834 1316 2902 Nicolai
1343 2837 1537 2902 Drumanno

316 2945 385 3009 tum
408 2943 565 3026 ignotum.

406 3048 531 3131 Quodsi
552 3048 726 3132 Appianns
751 3049 936 3116 contionem
962 3049 1145 3115 rectissime
1173 3049 1278 3131 primo
1307 3049 1358 3116 die
1388 3050 1536 3117 habitum

317 3175 390 3225 esse
413 3156 558 3240 tradidit,
582 3176 647 3223 non
669 3157 780 3239 uideo,
809 3156 970 3238 quomodo
993 3156 1222 3223 interfectores
1246 3161 1324 3224 ante
1352 3157 1537 3224 contionem

317 3264 350 3329 in
373 3265 507 3347 vulgum
528 3263 720 3348 largitiones
744 3263 998 3330 circummittere
1020 3263 1196 3345 potuerint.
1379 3345 1381 3348 Ι

410 3369 524 3453 Atque
546 3374 584 3436 ut
606 3371 673 3437 iam
697 3389 737 3437 ea
760 3373 1030 3453 contemplemur,
1058 3390 1143 3453 quae
1165 3370 1338 3454 Appianus
1366 3371 1406 3438 de
1429 3372 1540 3455 populi

315 3479 349 3544 in
373 3477 524 3544 contione
539 3477 612 3560 ipsa
628 3477 817 3544 condicione
834 3477 956 3559 attulit,
979 3496 1057 3544 num
1073 3478 1156 3544 haec
1171 3478 1336 3560 quadrant
1350 3479 1384 3545 in
1407 3483 1536 3546 coetum

316 3585 530 3651 subornatum
553 3588 587 3650 et
609 3585 759 3651 mercede
782 3585 979 3668 allegatum?

404 3692 491 3758 Nam
514 3691 601 3774 quod
624 3691 798 3774 Appianus
822 3692 901 3759 dicit
922 3693 1151 3759 interfectores
1179 3691 1367 3780 populum)
1396 3694 1439 3760 ad
1461 3694 1535 3760 hor-

316 3803 406 3865 tatos
430 3817 517 3880 esse,
553 3803 591 3866 ut
613 3799 751 3866 similem
787 3819 823 3866 se
845 3803 1033 3882 praestaret
1055 3800 1248 3883 maioribus,
1284 3801 1356 3882 qus
1380 3801 1441 3867 sibi
1463 3821 1536 3884 per-

316 3906 456 3973 suadeat
470 3906 698 3974 interfectores
709 3908 857 3975 homines
871 3908 1021 3974 mercede
1037 3908 1226 3990 conductos,
1242 3927 1315 3974 cnm
1332 3913 1443 3976 cetera
1458 3928 1536 3992 pars

319 4014 432 4096 populi
454 4015 568 4096 procul
591 4033 627 4080 se
650 4021 778 4081 teneret
801 4014 901 4100 (121),
924 4015 972 4081 sio
994 4016 1217 4098 appellaturos
1239 4014 1360 4082 fuisse?

381 4110 382 4113 '
404 4122 520 4203 Neque
542 4122 621 4189 illud
644 4123 973 4204 praetermittendum
1004 4127 1056 4188 est
1077 4121 1268 4204 Appianum
1294 4123 1402 4205 ipsum
1430 4123 1537 4190 dicere

314 4228 542 4294 interfectores
557 4229 591 4295 in
608 4228 807 4313 Capitolium
822 4229 956 4310 redisse,
980 4230 1066 4311 quod
1080 4229 1200 4312 populo
1216 4229 1250 4295 in
1266 4229 1417 4297 contione
1440 4249 1535 4312 prae-

316 4335 402 4402 senti
416 4335 559 4403 nondum
580 4337 780 4404 confiderent
803 4336 895 4423 (123:
919 4343 951 4404 ot
971 4343 1021 4424 γὰρ
1043 4343 1177 4423 &talpone
1198 4365 1242 4402 πω
1263 4347 1320 4410 τοῖς
1339 4345 1490 4425 παροῦσιν).

315 4477 527 4490 ¹4——

387 4567 408 4638 ¹)
430 4569 479 4624 122
498 4566 542 4620 τόν
561 4585 588 4620 τε
607 4567 687 4641 δῆμον
706 4565 856 4641 ἐξώτρυνον,
876 4564 950 4640 ὅμοια
968 4569 1021 4629 τοῖς
1040 4566 1171 4643 spertinet<
1190 4565 1358 4642 apparenter.
