3482 5098
719 352 938 416 ..15-

217 546 332 614 tributi
354 546 504 627 luissent,
529 548 563 610 et
586 546 709 611 luctum
734 549 767 611 et
789 545 947 628 gemitum
969 547 1107 611 multum
1132 565 1205 611 eum
1229 551 1439 628 prosecutum

217 672 301 735 esse,
335 652 535 736 plorantium
558 651 723 734 utrimque
746 652 786 718 de
820 653 917 718 tectis
941 656 975 719 et
996 651 1119 734 inviis,
1146 672 1206 735 per
1228 671 1439 736 quascunque

216 761 399 828 duceretur.

307 865 455 949 Cumque
489 865 600 932 domui
634 865 969 949 appropinquassent,
1004 867 1106 933 multo
1141 867 1299 934 maiorem
1332 873 1440 935 ortum

219 993 290 1041 esse
314 974 507 1058 singultum3
531 992 609 1042 nam
632 973 822 1057 prosiluisse
844 994 981 1041 uxorem
1004 994 1078 1041 cum
1093 976 1197 1042 multa
1213 975 1311 1042 turba
1326 976 1438 1043 mulie-

218 1101 290 1147 rum
320 1086 353 1148 et
381 1100 566 1163 servorum,
590 1080 800 1148 invocantem
823 1101 941 1148 nomen
963 1082 1075 1148 mariti
1098 1087 1132 1149 et
1155 1083 1320 1165 seipsam
1343 1102 1438 1150 accu-

219 1193 358 1270 santem,
382 1189 469 1270 quod
491 1189 618 1255 frustra
639 1208 713 1255 eum
736 1189 928 1270 monuisset,
951 1209 993 1256 ne
1016 1209 1054 1256 eo
1079 1190 1130 1256 die
1153 1189 1308 1272 prodiret.

307 1294 421 1377 Atque
443 1297 503 1362 hos
528 1295 657 1378 quidem
679 1296 776 1362 funus
801 1295 831 1363 ei
854 1296 1034 1363 adornasse
1059 1349 1065 1363 .
1091 1347 1098 1364 .
1125 1349 1132 1363 .

308 1401 433 1484 Quodsi
466 1406 584 1484 postea
608 1402 723 1469 Cicero
747 1402 863 1470 Attico
891 1403 1039 1486 graviter
1067 1407 1218 1486 questus,
1252 1405 1339 1487 quod
1363 1410 1440 1472 acta

219 1508 374 1576 Caesaris
397 1509 540 1576 rescissa
561 1529 627 1576 non
650 1515 772 1592 essent,
795 1510 879 1577 haee
902 1509 1035 1592 scripsit
1058 1510 1163 1595 (XIV.
1190 1509 1261 1596 10):

312 1616 552 1699 „Meministine
585 1637 638 1684 me
673 1617 816 1684 clamare
849 1618 904 1684 illo
939 1617 1011 1700 ipso
1040 1617 1144 1700 primo
1174 1617 1360 1701 Capitolino
1389 1619 1441 1685 die

220 1728 371 1790 senatum
399 1723 432 1790 in
457 1723 656 1806 Capitolium
685 1743 706 1791 a
728 1724 936 1807 praetoribus
959 1724 1125 1809 vocari?¹)
1158 1725 1204 1792 Di
1226 1725 1440 1808 immortales,

219 1850 303 1914 quae
318 1836 388 1898 tum
404 1850 505 1914 opera
521 1832 605 1898 111111
620 1836 809 1915 potueruut,
831 1831 1033 1899 laetantibus
1050 1832 1198 1900 omnibus
1214 1832 1319 1914 bonis,
1340 1831 1439 1899 etiam

219 1942 273 2004 sat
294 1938 399 2020 bonis,
423 1939 538 2006 fractis
561 1939 778 2007 latronibus!“

307 2049 341 2112 et
362 2045 475 2112 ldibus
500 2066 573 2114 cum
594 2047 802 2114 Liberalibus
826 2047 954 2114 collatis
978 2047 1026 2113 sic
1048 2045 1170 2130 pergit:

310 2153 549 2235 „Meministine
576 2158 610 2222 te
639 2156 783 2221 clamare
811 2173 946 2221 causam
969 2155 1110 2237 perisse,
1145 2155 1174 2220 si
1196 2154 1309 2221 funere
1333 2156 1439 2222 elatus

221 2257 381 2344 esset?“²l

308 2385 396 2433 nunc
421 2368 488 2436 iam
509 2368 622 2435 Idibus
646 2387 720 2452 cum
743 2368 794 2435 die
816 2368 940 2435 funeris
957 2367 1113 2435 Caesaris
1137 2368 1265 2435 collatis

220 2473 371 2539 videntur
380 2475 459 2541 mihi
471 2477 553 2542 haec
564 2476 735 2560 utriusque
751 2476 886 2542 verbaa
902 2475 1060 2542 Cicerone
1075 2474 1190 2543 Attico
1203 2475 1237 2540 in
1249 2475 1439 2542 memoriam

220 2585 387 2664 revocata,
403 2586 441 2648 ut
455 2583 526 2650 sine
542 2582 639 2649 dubio
656 2583 793 2650 eandem
808 2587 962 2665 spectant
978 2580 1231 2667 1111111111113),
1246 2582 1296 2648 ita
1311 2587 1439 2664 tempus

218 2686 296 2753 illud
330 2689 477 2756 redolere
511 2694 587 2773 post
616 2690 772 2757 Caesaris
808 2690 940 2757 caedem
975 2690 1203 2771 novissimum,
1239 2708 1312 2756 cum
1339 2689 1439 2756 inter-

218 2795 358 2862 fectores
381 2794 415 2861 iu
432 2795 632 2880 Capitolium
655 2798 711 2864 vix
734 2817 770 2864 se
792 2797 1005 2880 recepissent,
1028 2797 1167 2864 necdum
1181 2797 1216 2863 in
1231 2797 1311 2863 urbe
1325 2800 1439 2863 notum

221 2907 325 2984 esset,
347 2902 490 2970 Brutum
520 2905 553 2970 iu
577 2905 686 2971 arrimo
709 2905 846 2988 habere,
869 2903 1053 2971 Antonium
1076 2905 1242 2971 consulem
1265 2904 1307 2970 ad
1331 2903 1439 2970 defeu-

219 3008 357 3076 dendam
391 3011 624 3093 rempublicam
659 3012 845 3094 adhortari,
879 3013 959 3079 illud
994 3016 1106 3078 autem
1135 3031 1176 3077 ex
1204 3010 1306 3076 totius
1328 3010 1440 3092 populi

219 3116 328 3183 delore
350 3117 447 3184 facile
469 3118 634 3200 provideri
657 3125 780 3202 posset,
805 3119 914 3186 omnia
934 3117 1198 3185 interfectoribus
1214 3116 1344 3200 perdita
1359 3117 1439 3198 fore,

220 3222 248 3288 si
273 3222 427 3291 Caesaris
462 3242 581 3307 corpus
608 3227 713 3293 denuo
737 3227 857 3309 populo
882 3225 1147 3308 conspiciendum
1169 3224 1383 3306 praeberetur
1406 3228 1440 3290 et

217 3330 336 3397 iterum
364 3350 424 3412 per
445 3331 566 3414 forum,
603 3337 681 3399 tuuc
705 3332 835 3416 quidem
857 3333 944 3399 iusto
969 3332 1098 3415 funere,
1134 3332 1267 3398 ductum
1290 3330 1438 3396 omnibus

217 3437 461 3505 miserationem
483 3438 672 3525 moveret.)

289 3613 311 3680 ²)
331 3612 395 3669 Non
407 3630 477 3685 opus
490 3628 552 3670 esse
565 3615 708 3688 supplere:
730 3616 893 3686 ,oportere“
908 3614 1098 3686 compluribus
1112 3613 1247 3685 exemplis
1261 3612 1438 3670 1111111111-

217 3701 347 3773 probavit
365 3701 505 3759 Holmaun
523 3705 622 3774 (Ausg.
640 3703 725 3761 Brief.
746 3702 803 3761 Cic.
822 3703 857 3761 ll.
876 3720 903 3774 p.
925 3706 996 3772 104).

288 3793 311 3862 2)
331 3791 436 3849 Eadem
453 3809 568 3864 prorsus
585 3793 675 3850 Attici
692 3794 779 3850 verba
800 3793 889 3850 111111
912 3794 974 3850 1111
992 3792 1107 3864 repetiit
1125 3796 1180 3862 (14.
1200 3793 1242 3864 3):
1264 3790 1438 3862 ,Recordare

220 3883 282 3937 tue:
301 3880 402 3945 Nonne
420 3883 573 3939 meministi
592 3883 712 3940 clamere
729 3887 759 3939 te
778 3883 872 3938 omnia
883 3883 999 3954 perisse,
1018 3882 1043 3938 si
1054 3881 1104 3938 ille
1116 3881 1213 3937 funere
1226 3881 1315 3938 elatus
1329 3882 1435 3938 esset?“

292 3969 317 4039 8)
334 3969 395 4027 Hoc
412 3970 457 4026 vel
476 3987 511 4026 ex
529 3971 711 4029 similitudine
724 3971 871 4028 verborum
885 3973 1013 4043 apparet;
1033 3987 1099 4028 nem
1110 3970 1215 4027 verbis:
1236 3967 1438 4040 ,Meministine

219 4073 264 4113 me
282 4058 419 4116 clamare“
440 4060 613 4132 respondent
629 4060 680 4117 ille
700 4061 904 4130 „Meministine
922 4063 951 4116 te
970 4061 1117 4118 clamare.“
1253 4056 1256 4066 ”

290 4149 308 4217 ⁴)
322 4147 420 4220 Itaque
444 4165 508 4206 cum
526 4150 582 4206 iem
601 4153 664 4207 acta
683 4148 810 4207 Gesseris
830 4149 1005 4207 liberalibus
1029 4149 1192 4207 confirmata
1210 4152 1314 4219 essent
1332 4150 1437 4219 1111111,

219 4251 281 4291 oum
308 4239 421 4307 postero
449 4238 493 4295 die
517 4239 657 4295 Antonius
685 4238 720 4294 de
747 4242 915 4296 testamento
944 4242 973 4295 ot
1000 4238 1097 4294 iuuere
1117 4237 1244 4294 Caesaris
1273 4236 1439 4308 rettulisset,

219 4321 332 4380 Cassius
360 4324 464 4397 aliique
491 4344 625 4384 noverum
652 4329 800 4385 turbarum
826 4331 904 4385 metu
931 4344 1069 4384 summam
1091 4344 1205 4399 operam
1229 4327 1377 4396 dederunt,
1405 4327 1438 4381 ut

217 4413 407 4484 prohiberent,
434 4417 582 4488 quominus
602 4414 705 4474 Caesar
729 4417 897 4489 sepeliretur
914 4417 999 4487 (Plut.
1019 4417 1098 4474 Brut.
1124 4414 1437 4488 lacesserunt

219 4501 240 4558 I.
261 4505 302 4560 15.
316 4505 353 4560 30
370 4503 526 4562 stillost:
551 4498 600 4560 Καί
612 4524 676 4568 τινες
690 4497 732 4561 καὶ
744 4504 841 4580 ἄταφον
854 4504 883 4560 τὸ
897 4511 972 4580 σῶμα
991 4503 1066 4561 αὐτοῦ
1085 4502 1158 4584 ῥῖψαι
1176 4505 1313 4576 ἐπενόουν),
1331 4504 1436 4560 Brutus
