3482 5098
836 393 1021 454 ..6-

317 585 529 654 Gladiatores
554 585 654 667 enim,
684 589 829 651 armatos
854 603 874 650 a
897 585 1003 667 prima
1026 585 1113 666 luce,
1142 589 1180 651 ut
1206 585 1240 651 in
1269 603 1402 653 scenam
1426 605 1464 652 eo
1488 585 1540 652 die

316 693 495 776 prodirent,
519 713 537 759 e
560 693 692 758 theatro
715 692 749 757 in
772 691 935 774 porticum
952 692 1063 759 curiae
1080 693 1327 774 transcurrisse,
1352 698 1386 760 et
1409 698 1538 775 specta·

315 806 405 867 tores
428 818 508 883 prae
531 805 656 866 terrore
685 798 805 865 cursim
834 798 1011 881 dissipatos
1047 818 1118 866 esse
1148 800 1368 882 tabernaeque
1392 800 1538 883 direptas

316 925 398 974 esse.
445 907 491 973 Et
525 907 641 974 ianuas
677 909 812 972 cunctos
847 905 1004 972 clausisse
1040 911 1074 972 et
1108 906 1273 972 detectis
1309 907 1351 973 ad
1379 907 1538 973 arcendos

315 1015 456 1098 impetus
479 1033 552 1080 sese
575 1012 851 1080 accommodasse.

403 1121 650 1203 Antoniumque
673 1120 803 1187 domum
826 1121 986 1203 munisse,
1015 1120 1218 1203 suspicatum
1247 1120 1308 1186 sibi
1335 1138 1401 1186 non
1430 1120 1537 1186 minus

315 1230 501 1314 impendere
538 1228 674 1295 insidias
713 1246 811 1310 quam
851 1226 997 1295 Caesari.
1045 1228 1090 1293 Et
1129 1228 1305 1310 Lepidum,
1344 1227 1538 1310 magistrum

316 1337 472 1419 equitum,
492 1334 570 1417 quid
592 1334 716 1400 iactum
740 1338 839 1416 esset,
862 1334 896 1399 in
919 1333 990 1399 foro
1013 1321 1183 1399 versatum
1200 1335 1408 1417 comperisse,
1432 1335 1466 1401 in
1488 1335 1536 1401 in·

315 1446 421 1511 sulam
446 1447 557 1509 autem
575 1441 772 1522 Tiberinum,
796 1441 851 1506 ubi
874 1440 904 1506 ei
928 1445 1017 1524 esset
1032 1441 1127 1523 legin,
1152 1446 1397 1524 transgressum
1417 1441 1537 1508 milites

316 1570 393 1619 suos
405 1549 439 1616 in
453 1548 614 1631 Campum
627 1547 770 1630 duxisse,
784 1566 846 1629 quo
860 1547 1077 1648 expeditiores
1090 1548 1236 1631 haberet,
1250 1549 1278 1614 si
1290 1550 1366 1632 quid
1372 1549 1538 1615 Antonius

313 1659 440 1726 iuberet
463 1654 624 1742 (Antonio
652 1655 738 1721 enirn
773 1674 846 1722 eum
883 1655 1039 1737 cessisse,
1073 1655 1179 1738 magis
1214 1656 1319 1723 amico
1344 1654 1481 1724 Caesari
1504 1661 1538 1723 et

314 1763 462 1849 consuli).
510 1761 657 1844 Cumque
680 1762 913 1844 deliberarent,
947 1781 1003 1828 eos
1032 1762 1176 1829 voluisse
1204 1763 1333 1846 quidem
1358 1763 1536 1832 Caesarem

313 1871 427 1939 ulcisci
453 1870 535 1937 talia
562 1888 769 1952 perpessum,
806 1868 863 1936 sed
898 1875 1050 1936 senatum
1078 1871 1236 1937 metuisse
1265 1875 1299 1937 et
1327 1891 1379 1937 res
1408 1872 1536 1938 futuras

315 1983 535 2061 exspectasse.

402 2085 580 2153 Caesarem
604 2087 714 2151 autem
737 2084 844 2167 ipsum
860 2083 1023 2167 praesidio
1048 2083 1284 2151 circumdatum
1300 2103 1364 2151 non
1380 2085 1481 2152 fuisse
1492 2124 1537 2132 —

314 2192 488 2260 nonenim
512 2192 671 2259 satellites
696 2192 726 2257 ei
748 2191 911 2274 placuisse
931 2229 986 2271 -,
1010 2191 1067 2257 sed
1090 2191 1223 2258 lictores
1252 2197 1382 2259 tantum
1412 2197 1446 2259 et
1468 2211 1538 2259 ma·

314 2301 474 2385 gistratus
490 2299 614 2366 maiore
630 2317 669 2365 ex
686 2303 782 2381 parte
798 2302 832 2365 et
847 2302 1021 2381 praeterea
1036 2298 1174 2364 multam
1190 2300 1321 2366 turbam
1337 2301 1536 2367 urbanorum

313 2412 347 2473 ct
362 2406 617 2491 peregrinorum,
634 2410 669 2472 et
680 2407 817 2472 multam
834 2424 1003 2472 servorum
1017 2409 1050 2471 et
1061 2404 1298 2489 libertinorum,
1316 2426 1389 2473 eum
1405 2427 1423 2473 e
1440 2408 1536 2474 domo

316 2516 358 2581 ad
394 2514 518 2581 curiam
552 2519 744 2596 prosecutos
779 2513 896 2596 fuisse,
932 2514 1049 2595 quibus
1087 2532 1154 2580 una
1192 2515 1434 2597 diffugientibus
1471 2520 1539 2581 tres

313 2625 443 2688 tanturn
466 2639 579 2686 servos
603 2620 811 2702 remansisse,
835 2620 891 2702 qui
917 2639 1053 2702 corpore
1075 2620 1212 2687 lecticae
1228 2621 1383 2703 imposito
1407 2623 1538 2689 domum

313 2728 519 2795 rettulissent
531 2724 725 2812 (impariter,
738 2731 776 2793 ut
791 2725 875 2811 tres)
887 2746 972 2809 eum,
989 2727 1045 2809 qui
1056 2727 1149 2793 brevi
1161 2731 1238 2794 ante
1251 2733 1361 2795 terrae
1372 2730 1537 2811 marisque

313 2833 462 2901 dominus
485 2834 611 2900 fuisset.

402 2941 575 3023 Appianus
598 2941 698 3023 igitur
720 2940 861 3023 primum
883 2944 999 3006 narrat
1022 2932 1192 3008 senatores
1216 2962 1234 3008 e
1258 2943 1359 3026 curia,
1383 2945 1537 3027 populum

315 3070 332 3116 e
356 3050 486 3115 theatro
502 3048 636 3131 fugIsse,
661 3047 786 3128 deinde,
811 3047 888 3130 quid
903 3047 1070 3114 Antonius
1087 3052 1121 3115 et
1136 3049 1281 3132 Lepidus
1304 3051 1451 3134 iecerint,
1467 3055 1537 3134 tum

313 3155 460 3223 narratio
500 3156 542 3222 ad
577 3153 754 3222 Caesarem
792 3156 899 3237 ipsum
935 3153 1018 3241 (ἀμφὶ
1045 3163 1075 3222 δὲ
1102 3162 1176 3242 αὐτῷ
1204 3162 1340 3244 Καίσαρι.
1367 3156 1401 3242 .),
1441 3177 1537 3239 quem

311 3265 345 3330 in
368 3264 432 3330 fine
459 3263 598 3346 proximi
623 3262 741 3345 capitis
771 3260 994 3348 (lintribus
1023 3268 1057 3329 ct
1079 3263 1196 3346 viginti
1219 3264 1325 3347 plagis
1351 3265 1537 3330 confossum

311 3372 499 3453 reliquerat,
524 3367 693 3451 aptissime
716 3368 810 3436 redit.

401 3477 585 3558 Postquam
601 3477 663 3542 hoc
679 3481 779 3559 caput
794 3476 1049 3559 percensuimus,
1067 3495 1214 3560 quasque
1229 3482 1341 3561 partes
1358 3479 1535 3561 contineat,

313 3584 535 3670 cognovimus
559 3583 639 3650 nihil
662 3583 728 3650 iam
752 3585 874 3666 obstat,
898 3603 962 3666 quo
978 3584 1084 3650 minus
1101 3585 1144 3651 ad
1160 3585 1306 3669 singulas
1329 3605 1382 3652 res
1403 3586 1535 3653 descen·

312 3693 438 3759 damus.

400 3799 441 3864 In
469 3799 611 3865 tumultu
639 3799 741 3882 igitur
776 3819 816 3865 ex
844 3799 923 3882 iuga
958 3803 1148 3865 senatorum
1183 3803 1256 3865 orto
1291 3799 1431 3866 sauciati
1459 3806 1536 3867 sunt

312 3906 457 3972 nonnulli
485 3910 675 3972 senatorum
703 3910 737 3972 et
766 3906 865 3972 occisi
892 3905 958 3972 alii.
1004 3905 1186 3972 Praeterea
1208 3906 1324 3989 ,populi
1357 3925 1375 3972 e
1402 3907 1534 3990 theatro

311 4011 466 4095 fuglentis
489 4012 594 4079 multa
616 4011 707 4079 facta
731 4017 783 4078 est
805 4013 933 4078 caedes.

399 4119 486 4185 Nam
510 4119 721 4202 gladiatores,
745 4119 865 4186 armati
882 4119 924 4185 ad
945 4120 1168 4200 spectaculum
1184 4120 1406 4202 praebendum
1429 4118 1534 4206 (115),

312 4227 488 4294 etheatro
516 4227 550 4292 in
577 4227 740 4310 porticum
774 4227 885 4294 curiae
923 4227 1208 4307 transcurrebant,
1244 4245 1361 4308 resque
1401 4229 1534 4295 venales

312 4333 559 4417 diripiebantur.

402 4439 529 4507 Caedes
563 4441 665 4524 igitur
692 4458 732 4507 ac
760 4439 877 4522 rapina
904 4439 1034 4506 videtur
1062 4440 1154 4505 sacta
1182 4457 1255 4505 esse
1283 4459 1342 4522 per
1369 4439 1534 4507 licentiam

312 4548 554 4635 gladiatorum,
575 4548 630 4631 qui
658 4546 788 4629 quidem
812 4565 851 4612 co
880 4546 931 4613 die
958 4545 1059 4613 armis
1088 4545 1241 4614 instructi
1255 4551 1375 4614 erant
1420 4545 1533 4635 Atque
