3482 5098
806 353 1027 420 ..53-

306 543 444 610 affectus
468 549 577 612 estet
602 552 813 628 pernoetem
840 552 946 616 totam
975 547 1219 634 trepidavit310)
1253 555 1386 631 postero
1415 556 1525 616 autem

303 650 355 715 die
370 651 516 734 Lepidus
540 670 613 720 oum
637 654 738 738 eopiis
764 655 831 721 suis
854 657 961 722 forum
985 657 1160 739 oeeupavit
1183 649 1363 722 Caesarem
1386 658 1524 739 ulturus,

305 761 339 822 et
360 774 428 824 una
450 779 523 826 oum
546 761 694 828 Antonio
717 763 864 844 consule,
900 764 955 844 qui
978 764 1105 846 etipse
1127 763 1161 829 in
1184 764 1284 830 armis
1313 768 1401 846 erat,
1435 769 1524 831 vete-

304 883 405 930 ranos
429 868 640 955 evocavitss)

392 976 559 1043 Antonius
593 981 704 1043 autem
738 977 832 1043 initio
866 978 963 1044 huius
997 978 1060 1044 diei
1096 993 1171 1043 oum
1192 971 1456 1044 interfectoribus
1490 979 1524 1045 in

306 1085 469 1168 Capitolio
493 1084 681 1152 sedentibus
704 1105 763 1168 per
777 1086 905 1169 legatos
922 1086 1100 1152 oollooutus
1125 1090 1189 1167 est;
1214 1103 1287 1151 oum
1307 1090 1418 1151 autem
1441 1086 1524 1151 satis

221 1274 222 1278 Ἰ
303 1211 460 1275 magnam
476 1191 716 1258 multitudinem
732 1197 964 1259 veteranorum
981 1192 1178 1274 expedisset,
1193 1193 1296 1258 itaut
1311 1209 1370 1257 suo
1387 1191 1523 1258 arbitrio

303 1317 403 1382 agere
425 1303 548 1380 posset,
571 1300 818 1366 interfectorum
841 1319 911 1365 rem
927 1300 969 1365 ad
985 1304 1136 1366 senatum
1153 1299 1279 1366 deferre
1295 1298 1523 1382 constituitffl)

390 1405 589 1486 Priusquam
613 1409 723 1471 autem
747 1409 898 1471 senatum
922 1410 1130 1487 convocaret,
1154 1406 1277 1472 amieos
1302 1403 1457 1472 Caesaris
1481 1407 1523 1473 ad

303 1513 473 1580 eonsilium
497 1511 705 1578 oonvoeavit:
730 1530 770 1576 ex
794 1511 911 1592 quibus
935 1530 1008 1577 oum
1022 1510 1168 1593 Lepidus
1190 1511 1417 1601 interieotores
1440 1513 1524 1578 bello

302 1621 486 1702 opprimere
509 1619 618 1700 vellet,
641 1618 771 1684 Hirtius
788 1618 981 1684 societatem
1005 1637 1078 1684 oum
1099 1617 1146 1684 eis
1161 1618 1336 1684 ineundam
1353 1635 1425 1684 esse
1448 1639 1522 1686 oen·

302 1734 405 1808 seret,
429 1727 595 1793 Antonius
618 1725 729 1793 Hirtio
753 1743 908 1792 assensus
932 1745 988 1792 eos
1012 1743 1145 1792 servare
1169 1725 1311 1792 animum
1334 1725 1523 1812 induxit¹³>

390 1836 509 1916 Itaque
532 1835 707 1899 tumultum
729 1834 764 1899 in
786 1834 866 1900 urbe
883 1833 1060 1900 conflatum
1083 1833 1257 1899 sedaturus
1273 1838 1370 1899 noete
1393 1834 1523 1914 quidem

300 1942 487 2023 insequenti
520 1941 736 2024 magistratus
770 1961 829 2023 per
868 1941 981 2006 urbem
1016 1940 1145 2024 vigilias
1180 1959 1279 2022 agere
1318 1940 1427 2023 iussit3
1467 1942 1522 2007 ubi
1647 2019 1650 2024 ¹

300 2050 441 2132 primum
464 2053 575 2114 autem
603 2048 672 2115 dies
696 2047 996 2130 appropinquabat,
1026 2047 1109 2113 dum·
1124 2046 1269 2128 Lepidus
1295 2045 1522 2113 interieotores

301 2156 416 2221 eforo
441 2155 627 2238 obsidebat,
664 2159 815 2223 senatum
839 2155 1035 2222 oonvooavit
1070 2158 1104 2221 et
1138 2154 1178 2220 de
1213 2155 1385 2221 eoncordia
1419 2155 1522 2222 verba

299 2263 386 2331 ieoit.
394 2262 432 2347 14)

373 2546 729 2618 mpm-me

374 2635 801 2720 Qpffl-QNALQ

375 2724 589 2795 pr4i
