<?xml version="1.0" encoding="UTF-8"?>
<!DOCTYPE html PUBLIC "-//W3C//DTD XHTML 1.0 Transitional//EN"
    "http://www.w3.org/TR/xhtml1/DTD/xhtml1-transitional.dtd">
<html xmlns="http://www.w3.org/1999/xhtml" xml:lang="en" lang="en">
 <head>
  <title>
</title>
<meta http-equiv="Content-Type" content="text/html;charset=utf-8" />
  <meta name='ocr-system' content='tesseract 3.04.00' />
  <meta name='ocr-capabilities' content='ocr_page ocr_carea ocr_par ocr_line ocrx_word'/>
</head>
<body>
  <div class='ocr_page' id='page_1' title='image "./derebusindeacae00frgoog_0059.png"; bbox 0 0 3482 5098; ppageno 0'>
   <div class='ocr_carea' id='block_1_1' title="bbox 728 335 949 400">
    <p class='ocr_par' dir='ltr' id='par_1_1' title="bbox 728 335 949 400">
     <span class='ocr_line' id='line_1_1' title="bbox 728 335 949 400; baseline 0.009 -17"><span class='ocrx_word' id='word_1_1' title='bbox 728 335 949 400; x_wconf 77' lang='lat'>-51..</span> 
     </span>
    </p>
   </div>
   <div class='ocr_carea' id='block_1_2' title="bbox 232 504 1455 831">
    <p class='ocr_par' dir='ltr' id='par_1_2' title="bbox 232 504 1455 831">
     <span class='ocr_line' id='line_1_2' title="bbox 320 504 1455 611; baseline 0.003 -18"><span class='ocrx_word' id='word_1_2' title='bbox 320 525 422 594; x_wconf 86' lang='lat' dir='ltr'>Vides</span> <span class='ocrx_word' id='word_1_3' title='bbox 450 507 602 594; x_wconf 81' lang='lat' dir='ltr'>nostres</span> <span class='ocrx_word' id='word_1_4' title='bbox 625 510 731 611; x_wconf 88' lang='lat' dir='ltr'>paene</span> <span class='ocrx_word' id='word_1_5' title='bbox 757 527 959 596; x_wconf 81' lang='lat' dir='ltr'>adverbum</span> <span class='ocrx_word' id='word_1_6' title='bbox 985 505 1074 596; x_wconf 88' lang='lat' dir='ltr'>inter</span> <span class='ocrx_word' id='word_1_7' title='bbox 1102 541 1137 596; x_wconf 87' lang='lat' dir='ltr'>se</span> <span class='ocrx_word' id='word_1_8' title='bbox 1161 504 1356 598; x_wconf 82' lang='lat' dir='ltr'>consentire.</span> <span class='ocrx_word' id='word_1_9' title='bbox 1402 529 1455 596; x_wconf 85' lang='lat' dir='ltr'>Ac</span> 
     </span>
     <span class='ocr_line' id='line_1_3' title="bbox 232 633 1454 720; baseline 0.002 -19"><span class='ocrx_word' id='word_1_10' title='bbox 232 636 423 719; x_wconf 88' lang='lat' dir='ltr'>priusquam</span> <span class='ocrx_word' id='word_1_11' title='bbox 471 654 647 718; x_wconf 84' lang='lat' dir='ltr'>pergamus</span> <span class='ocrx_word' id='word_1_12' title='bbox 698 636 731 701; x_wconf 93' lang='lat' dir='ltr'>in</span> <span class='ocrx_word' id='word_1_13' title='bbox 781 636 984 702; x_wconf 84' lang='lat' dir='ltr'>conferendis</span> <span class='ocrx_word' id='word_1_14' title='bbox 1027 633 1164 718; x_wconf 87' lang='lat' dir='ltr'>Nicolao</span> <span class='ocrx_word' id='word_1_15' title='bbox 1202 642 1242 718; x_wconf 89' lang='lat' dir='ltr'>et</span> <span class='ocrx_word' id='word_1_16' title='bbox 1288 637 1454 720; x_wconf 85' lang='lat' dir='ltr'>Appiano,</span> 
     </span>
     <span class='ocr_line' id='line_1_4' title="bbox 232 731 1453 831; baseline 0.003 -24"><span class='ocrx_word' id='word_1_17' title='bbox 232 761 333 825; x_wconf 80' lang='lat' dir='ltr'>quaes</span> <span class='ocrx_word' id='word_1_18' title='bbox 335 743 457 808; x_wconf 91' lang='lat' dir='ltr'>tionem</span> <span class='ocrx_word' id='word_1_19' title='bbox 482 739 521 808; x_wconf 90' lang='lat' dir='ltr'>dc</span> <span class='ocrx_word' id='word_1_20' title='bbox 538 737 619 808; x_wconf 89' lang='lat' dir='ltr'>Suet</span> <span class='ocrx_word' id='word_1_21' title='bbox 605 742 694 831; x_wconf 76' lang='lat' dir='ltr'>tenio</span> <span class='ocrx_word' id='word_1_22' title='bbox 718 731 867 808; x_wconf 90' lang='lat' dir='ltr'>hocloco</span> <span class='ocrx_word' id='word_1_23' title='bbox 883 743 976 809; x_wconf 90' lang='lat' dir='ltr'>nobis</span> <span class='ocrx_word' id='word_1_24' title='bbox 993 742 1083 810; x_wconf 87' lang='lat' dir='ltr'>oblat</span> <span class='ocrx_word' id='word_1_25' title='bbox 1069 748 1139 809; x_wconf 90' lang='lat' dir='ltr'>tam</span> <span class='ocrx_word' id='word_1_26' title='bbox 1155 743 1325 811; x_wconf 87' lang='lat' dir='ltr'>absolvere</span> <span class='ocrx_word' id='word_1_27' title='bbox 1345 745 1453 826; x_wconf 87' lang='lat' dir='ltr'>liceat</span> 
     </span>
    </p>
   </div>
   <div class='ocr_carea' id='block_1_3' title="bbox 321 848 1530 932">
    <p class='ocr_par' dir='ltr' id='par_1_3' title="bbox 321 848 1530 932">
     <span class='ocr_line' id='line_1_5' title="bbox 321 848 1530 932; baseline 0.002 -17"><span class='ocrx_word' id='word_1_28' title='bbox 321 848 402 915; x_wconf 92' lang='lat' dir='ltr'>Suet</span> <span class='ocrx_word' id='word_1_29' title='bbox 387 849 496 915; x_wconf 93' lang='lat' dir='ltr'>tonius</span> <span class='ocrx_word' id='word_1_30' title='bbox 520 852 579 915; x_wconf 91' lang='lat' dir='ltr'>aut</span> <span class='ocrx_word' id='word_1_31' title='bbox 581 868 647 930; x_wconf 86' lang='lat' dir='ltr'>em,</span> <span class='ocrx_word' id='word_1_32' title='bbox 681 854 719 914; x_wconf 91' lang='lat' dir='ltr'>ut</span> <span class='ocrx_word' id='word_1_33' title='bbox 740 849 830 915; x_wconf 86' lang='lat' dir='ltr'>invr</span> <span class='ocrx_word' id='word_1_34' title='bbox 821 849 1061 932; x_wconf 87' lang='lat' dir='ltr'>&#39;taCaesaris‚</span> <span class='ocrx_word' id='word_1_35' title='bbox 1089 854 1195 916; x_wconf 88' lang='lat' dir='ltr'>morte</span> <span class='ocrx_word' id='word_1_36' title='bbox 1224 850 1293 917; x_wconf 88' lang='lat' dir='ltr'>eius</span> <span class='ocrx_word' id='word_1_37' title='bbox 1316 856 1455 918; x_wconf 88' lang='lat' dir='ltr'>narrata</span> <span class='ocrx_word' id='word_1_38' title='bbox 1527 888 1530 892; x_wconf 94' lang='lat'>·</span> 
     </span>
    </p>
   </div>
   <div class='ocr_carea' id='block_1_4' title="bbox 224 954 1525 2537">
    <p class='ocr_par' dir='ltr' id='par_1_4' title="bbox 228 954 1525 1358">
     <span class='ocr_line' id='line_1_6' title="bbox 231 954 1454 1043; baseline 0.002 -24"><span class='ocrx_word' id='word_1_39' title='bbox 231 956 436 1022; x_wconf 90' lang='lat' dir='ltr'>nonnullat</span> <span class='ocrx_word' id='word_1_40' title='bbox 422 960 479 1022; x_wconf 90' lang='lat' dir='ltr'>tan</span> <span class='ocrx_word' id='word_1_41' title='bbox 481 960 551 1021; x_wconf 91' lang='lat' dir='ltr'>tum</span> <span class='ocrx_word' id='word_1_42' title='bbox 586 954 626 1022; x_wconf 91' lang='lat' dir='ltr'>de</span> <span class='ocrx_word' id='word_1_43' title='bbox 660 960 728 1021; x_wconf 92' lang='lat' dir='ltr'>test</span> <span class='ocrx_word' id='word_1_44' title='bbox 729 960 860 1022; x_wconf 92' lang='lat' dir='ltr'>amento</span> <span class='ocrx_word' id='word_1_45' title='bbox 842 956 1033 1042; x_wconf 73' lang='lat' dir='ltr'>0(82)et</span> <span class='ocrx_word' id='word_1_46' title='bbox 1019 957 1173 1023; x_wconf 87' lang='lat' dir='ltr'>tiunere</span> <span class='ocrx_word' id='word_1_47' title='bbox 1202 955 1356 1024; x_wconf 78' lang='lat' dir='ltr'>Caesaris</span> <span class='ocrx_word' id='word_1_48' title='bbox 1386 957 1454 1043; x_wconf 83' lang='grc'>(83)</span> 
     </span>
     <span class='ocr_line' id='line_1_7' title="bbox 231 1059 1525 1159; baseline 0.002 -31"><span class='ocrx_word' id='word_1_49' title='bbox 231 1059 369 1128; x_wconf 78' lang='lat' dir='ltr'>addidit:</span> <span class='ocrx_word' id='word_1_50' title='bbox 394 1063 434 1129; x_wconf 90' lang='lat' dir='ltr'>de</span> <span class='ocrx_word' id='word_1_51' title='bbox 459 1061 574 1144; x_wconf 88' lang='lat' dir='ltr'>quibus</span> <span class='ocrx_word' id='word_1_52' title='bbox 599 1081 672 1128; x_wconf 90' lang='lat' dir='ltr'>cum</span> <span class='ocrx_word' id='word_1_53' title='bbox 695 1063 824 1129; x_wconf 89' lang='lat' dir='ltr'>Nicolai</span> <span class='ocrx_word' id='word_1_54' title='bbox 847 1063 994 1130; x_wconf 86' lang='lat' dir='ltr'>narratio</span> <span class='ocrx_word' id='word_1_55' title='bbox 1018 1059 1200 1148; x_wconf 67' lang='lat' dir='ltr'>perierit3),</span> <span class='ocrx_word' id='word_1_56' title='bbox 1223 1064 1396 1159; x_wconf 84' lang='lat' dir='ltr'>Appianas</span> <span class='ocrx_word' id='word_1_57' title='bbox 1421 1068 1454 1141; x_wconf 90' lang='lat' dir='ltr'>et</span> <span class='ocrx_word' id='word_1_58' title='bbox 1523 1085 1525 1090; x_wconf 75' lang='grc'><strong>’</strong></span> 
     </span>
     <span class='ocr_line' id='line_1_8' title="bbox 231 1168 1453 1252; baseline 0.007 -18"><span class='ocrx_word' id='word_1_59' title='bbox 231 1168 405 1236; x_wconf 79' lang='lat' dir='ltr'>Suetonius</span> <span class='ocrx_word' id='word_1_60' title='bbox 429 1169 478 1236; x_wconf 89' lang='lat' dir='ltr'>ita</span> <span class='ocrx_word' id='word_1_61' title='bbox 501 1170 720 1252; x_wconf 80' lang='lat' dir='ltr'>consentiunt,</span> <span class='ocrx_word' id='word_1_62' title='bbox 743 1175 781 1236; x_wconf 93' lang='lat' dir='ltr'>ut</span> <span class='ocrx_word' id='word_1_63' title='bbox 805 1189 860 1236; x_wconf 92' lang='lat' dir='ltr'>eos</span> <span class='ocrx_word' id='word_1_64' title='bbox 877 1172 1040 1237; x_wconf 91' lang='lat' dir='ltr'>communi</span> <span class='ocrx_word' id='word_1_65' title='bbox 1062 1171 1153 1238; x_wconf 91' lang='lat' dir='ltr'>fonte</span> <span class='ocrx_word' id='word_1_66' title='bbox 1168 1190 1245 1237; x_wconf 90' lang='lat' dir='ltr'>usos</span> <span class='ocrx_word' id='word_1_67' title='bbox 1270 1189 1342 1238; x_wconf 89' lang='lat' dir='ltr'>esse</span> <span class='ocrx_word' id='word_1_68' title='bbox 1358 1172 1453 1242; x_wconf 75' lang='lat' dir='ltr'>facile</span> 
     </span>
     <span class='ocr_line' id='line_1_9' title="bbox 228 1275 521 1358; baseline 0 -16"><span class='ocrx_word' id='word_1_69' title='bbox 228 1275 288 1343; x_wconf 91' lang='lat' dir='ltr'>tibi</span> <span class='ocrx_word' id='word_1_70' title='bbox 311 1275 521 1358; x_wconf 87' lang='lat' dir='ltr'>persuadeas.</span> 
     </span>
    </p>

    <p class='ocr_par' dir='ltr' id='par_1_5' title="bbox 227 1383 1453 1896">
     <span class='ocr_line' id='line_1_10' title="bbox 319 1383 1453 1466; baseline 0.004 -16"><span class='ocrx_word' id='word_1_71' title='bbox 319 1383 374 1451; x_wconf 88' lang='lat' dir='ltr'>Sic</span> <span class='ocrx_word' id='word_1_72' title='bbox 389 1389 526 1466; x_wconf 89' lang='lat' dir='ltr'>uterque</span> <span class='ocrx_word' id='word_1_73' title='bbox 543 1384 679 1451; x_wconf 74' lang='lat' dir='ltr'>tradidit</span> <span class='ocrx_word' id='word_1_74' title='bbox 694 1385 734 1454; x_wconf 88' lang='lat' dir='ltr'>L.</span> <span class='ocrx_word' id='word_1_75' title='bbox 750 1384 872 1451; x_wconf 81' lang='lat' dir='ltr'>Pisone</span> <span class='ocrx_word' id='word_1_76' title='bbox 897 1390 1031 1452; x_wconf 88' lang='lat' dir='ltr'>auctore</span> <span class='ocrx_word' id='word_1_77' title='bbox 1047 1390 1282 1454; x_wconf 89' lang='lat' dir='ltr'>testamentum</span> <span class='ocrx_word' id='word_1_78' title='bbox 1299 1384 1453 1454; x_wconf 83' lang='lat' dir='ltr'>Caesaris</span> 
     </span>
     <span class='ocr_line' id='line_1_11' title="bbox 228 1485 1452 1577; baseline 0.002 -21"><span class='ocrx_word' id='word_1_79' title='bbox 228 1495 338 1558; x_wconf 91' lang='lat' dir='ltr'>ratum</span> <span class='ocrx_word' id='word_1_80' title='bbox 368 1492 492 1558; x_wconf 89' lang='lat' dir='ltr'>factum</span> <span class='ocrx_word' id='word_1_81' title='bbox 521 1509 593 1558; x_wconf 91' lang='lat' dir='ltr'>esse</span> <span class='ocrx_word' id='word_1_82' title='bbox 618 1491 717 1576; x_wconf 86' lang='lat' dir='ltr'><strong>(App.</strong></span> <span class='ocrx_word' id='word_1_83' title='bbox 744 1491 835 1577; x_wconf 83' lang='grc'>136),</span> <span class='ocrx_word' id='word_1_84' title='bbox 871 1495 905 1558; x_wconf 90' lang='lat' dir='ltr'>et</span> <span class='ocrx_word' id='word_1_85' title='bbox 927 1493 969 1558; x_wconf 91' lang='lat' dir='ltr'>D.</span> <span class='ocrx_word' id='word_1_86' title='bbox 994 1485 1091 1560; x_wconf 88' lang='lat' dir='ltr'>Bruti</span> <span class='ocrx_word' id='word_1_87' title='bbox 1125 1493 1158 1559; x_wconf 92' lang='lat' dir='ltr'>in</span> <span class='ocrx_word' id='word_1_88' title='bbox 1187 1510 1224 1560; x_wconf 88' lang='lat' dir='ltr'>eo</span> <span class='ocrx_word' id='word_1_89' title='bbox 1253 1497 1452 1560; x_wconf 90' lang='lat' dir='ltr'>testamento</span> 
     </span>
     <span class='ocr_line' id='line_1_12' title="bbox 227 1598 1452 1683; baseline 0.002 -19"><span class='ocrx_word' id='word_1_90' title='bbox 227 1599 426 1665; x_wconf 82' lang='lat' dir='ltr'>mentionem</span> <span class='ocrx_word' id='word_1_91' title='bbox 449 1600 572 1666; x_wconf 88' lang='lat' dir='ltr'>factam</span> <span class='ocrx_word' id='word_1_92' title='bbox 608 1617 681 1665; x_wconf 89' lang='lat' dir='ltr'>esse</span> <span class='ocrx_word' id='word_1_93' title='bbox 711 1598 799 1683; x_wconf 84' lang='grc'>(143)</span> <span class='ocrx_word' id='word_1_94' title='bbox 824 1598 1035 1666; x_wconf 90' lang='lat' dir='ltr'>-eiusdem</span> <span class='ocrx_word' id='word_1_95' title='bbox 1070 1601 1170 1667; x_wconf 90' lang='lat' dir='ltr'>etiam</span> <span class='ocrx_word' id='word_1_96' title='bbox 1192 1599 1392 1678; x_wconf 80' lang='lat' dir='ltr'>Plutarchus</span> <span class='ocrx_word' id='word_1_97' title='bbox 1418 1601 1452 1666; x_wconf 90' lang='lat' dir='ltr'>in</span> 
     </span>
     <span class='ocr_line' id='line_1_13' title="bbox 228 1703 1449 1789; baseline 0.006 -18"><span class='ocrx_word' id='word_1_98' title='bbox 228 1707 298 1772; x_wconf 82' lang='lat' dir='ltr'>vita</span> <span class='ocrx_word' id='word_1_99' title='bbox 316 1703 470 1772; x_wconf 77' lang='lat' dir='ltr'>Caesaris</span> <span class='ocrx_word' id='word_1_100' title='bbox 487 1707 530 1772; x_wconf 88' lang='lat'>64</span> <span class='ocrx_word' id='word_1_101' title='bbox 553 1707 702 1774; x_wconf 90' lang='lat' dir='ltr'>meminit</span> <span class='ocrx_word' id='word_1_102' title='bbox 724 1744 779 1789; x_wconf 82' lang='lat'>-‚</span> <span class='ocrx_word' id='word_1_103' title='bbox 802 1707 836 1772; x_wconf 92' lang='grc' dir='ltr'>ιιι</span> <span class='ocrx_word' id='word_1_104' title='bbox 859 1708 972 1774; x_wconf 85' lang='lat' dir='ltr'>funere</span> <span class='ocrx_word' id='word_1_105' title='bbox 988 1712 1099 1776; x_wconf 87' lang='lat' dir='ltr'>autem</span> <span class='ocrx_word' id='word_1_106' title='bbox 1115 1707 1280 1776; x_wconf 84' lang='lat' dir='ltr'>narrando</span> <span class='ocrx_word' id='word_1_107' title='bbox 1303 1711 1449 1778; x_wconf 76' lang='lat' dir='ltr'>nonnun-¹</span> 
     </span>
     <span class='ocr_line' id='line_1_14' title="bbox 228 1813 919 1896; baseline 0.001 -16"><span class='ocrx_word' id='word_1_108' title='bbox 228 1827 325 1896; x_wconf 84' lang='lat' dir='ltr'>quam</span> <span class='ocrx_word' id='word_1_109' title='bbox 348 1831 453 1896; x_wconf 91' lang='lat' dir='ltr'>paene</span> <span class='ocrx_word' id='word_1_110' title='bbox 476 1813 677 1880; x_wconf 82' lang='lat' dir='ltr'>adverbum</span> <span class='ocrx_word' id='word_1_111' title='bbox 701 1815 919 1882; x_wconf 87' lang='lat' dir='ltr'>consentiunt.</span> 
     </span>
    </p>

    <p class='ocr_par' dir='ltr' id='par_1_6' title="bbox 315 1919 849 2002">
     <span class='ocr_line' id='line_1_15' title="bbox 315 1919 849 2002; baseline 0.004 -16"><span class='ocrx_word' id='word_1_112' title='bbox 315 1921 402 1987; x_wconf 91' lang='lat' dir='ltr'>Nam</span> <span class='ocrx_word' id='word_1_113' title='bbox 426 1920 512 2002; x_wconf 91' lang='lat' dir='ltr'>quod</span> <span class='ocrx_word' id='word_1_114' title='bbox 537 1919 712 1988; x_wconf 84' lang='lat' dir='ltr'>Suetonius</span> <span class='ocrx_word' id='word_1_115' title='bbox 735 1922 849 1988; x_wconf 90' lang='lat' dir='ltr'>habet:</span> 
     </span>
    </p>

    <p class='ocr_par' dir='ltr' id='par_1_7' title="bbox 224 2027 1450 2309">
     <span class='ocr_line' id='line_1_16' title="bbox 318 2027 1449 2113; baseline 0.003 -19"><span class='ocrx_word' id='word_1_116' title='bbox 318 2027 554 2111; x_wconf 88' lang='lat' dir='ltr'>„Laudationis</span> <span class='ocrx_word' id='word_1_117' title='bbox 589 2029 660 2093; x_wconf 88' lang='lat' dir='ltr'>loco</span> <span class='ocrx_word' id='word_1_118' title='bbox 697 2030 810 2095; x_wconf 91' lang='lat' dir='ltr'>consul</span> <span class='ocrx_word' id='word_1_119' title='bbox 843 2028 1009 2096; x_wconf 87' lang='lat' dir='ltr'>Antonius</span> <span class='ocrx_word' id='word_1_120' title='bbox 1050 2045 1108 2113; x_wconf 86' lang='lat' dir='ltr'>per</span> <span class='ocrx_word' id='word_1_121' title='bbox 1142 2045 1336 2112; x_wconf 88' lang='lat' dir='ltr'>praeconem</span> <span class='ocrx_word' id='word_1_122' title='bbox 1374 2043 1449 2112; x_wconf 86' lang='lat' dir='ltr'>pro·</span> 
     </span>
     <span class='ocr_line' id='line_1_17' title="bbox 226 2135 1450 2220; baseline 0.007 -20"><span class='ocrx_word' id='word_1_123' title='bbox 226 2135 391 2201; x_wconf 86' lang='lat' dir='ltr'>nuntiavit</span> <span class='ocrx_word' id='word_1_124' title='bbox 425 2139 560 2202; x_wconf 88' lang='lat' dir='ltr'>senatus</span> <span class='ocrx_word' id='word_1_125' title='bbox 597 2136 747 2201; x_wconf 91' lang='lat' dir='ltr'>consulta</span> <span class='ocrx_word' id='word_1_126' title='bbox 784 2183 792 2200; x_wconf 90' lang='lat'><strong>.</strong></span> <span class='ocrx_word' id='word_1_127' title='bbox 822 2185 830 2202; x_wconf 86' lang='lat'><strong>.</strong></span> <span class='ocrx_word' id='word_1_128' title='bbox 866 2137 982 2219; x_wconf 84' lang='lat' dir='ltr'>quibus</span> <span class='ocrx_word' id='word_1_129' title='bbox 1022 2154 1190 2220; x_wconf 88' lang='lat' dir='ltr'>perpauca</span> <span class='ocrx_word' id='word_1_130' title='bbox 1225 2157 1246 2204; x_wconf 93' lang='lat' dir='ltr'>a</span> <span class='ocrx_word' id='word_1_131' title='bbox 1279 2151 1315 2204; x_wconf 88' lang='lat' dir='ltr'>se</span> <span class='ocrx_word' id='word_1_132' title='bbox 1348 2139 1450 2208; x_wconf 82' lang='lat' dir='ltr'>verba</span> 
     </span>
     <span class='ocr_line' id='line_1_18' title="bbox 224 2237 381 2309; baseline -0.013 -1"><span class='ocrx_word' id='word_1_133' title='bbox 224 2237 381 2309; x_wconf 82' lang='lat' dir='ltr'>eddidit.“</span> 
     </span>
    </p>

    <p class='ocr_par' dir='ltr' id='par_1_8' title="bbox 314 2348 1212 2438">
     <span class='ocr_line' id='line_1_19' title="bbox 314 2348 1212 2438; baseline 0.004 -24"><span class='ocrx_word' id='word_1_134' title='bbox 314 2348 400 2416; x_wconf 91' lang='lat' dir='ltr'>idem</span> <span class='ocrx_word' id='word_1_135' title='bbox 423 2348 598 2430; x_wconf 84' lang='lat' dir='ltr'>Appianas</span> <span class='ocrx_word' id='word_1_136' title='bbox 623 2349 743 2416; x_wconf 89' lang='lat' dir='ltr'>omisso</span> <span class='ocrx_word' id='word_1_137' title='bbox 768 2349 897 2432; x_wconf 90' lang='lat' dir='ltr'>quidem</span> <span class='ocrx_word' id='word_1_138' title='bbox 920 2367 1083 2433; x_wconf 87' lang='lat' dir='ltr'>praecone</span> <span class='ocrx_word' id='word_1_139' title='bbox 1107 2352 1212 2438; x_wconf 85' lang='grc'>(144);</span> 
     </span>
    </p>

    <p class='ocr_par' dir='ltr' id='par_1_9' title="bbox 308 2452 1450 2537">
     <span class='ocr_line' id='line_1_20' title="bbox 308 2452 1450 2537; baseline 0.004 -23"><span class='ocrx_word' id='word_1_140' title='bbox 308 2452 520 2532; x_wconf 62' lang='grc' dir='ltr'><strong>»Ἀνεγίγνωσνιε</strong></span> <span class='ocrx_word' id='word_1_141' title='bbox 540 2455 576 2533; x_wconf 68' lang='grc' dir='ltr'>τῇ</span> <span class='ocrx_word' id='word_1_142' title='bbox 597 2457 677 2534; x_wconf 75' lang='grc' dir='ltr'><strong>φωνῇ</strong></span> <span class='ocrx_word' id='word_1_143' title='bbox 691 2453 919 2534; x_wconf 80' lang='grc' dir='ltr'><strong>ἐνσημαινόμενος</strong></span> <span class='ocrx_word' id='word_1_144' title='bbox 933 2457 1034 2519; x_wconf 79' lang='grc' dir='ltr'><strong>ἕκαστα</strong></span> <span class='ocrx_word' id='word_1_145' title='bbox 1050 2506 1055 2520; x_wconf 95' lang='grc'><em>.</em></span> <span class='ocrx_word' id='word_1_146' title='bbox 1074 2505 1080 2520; x_wconf 92' lang='grc'><strong><em>.</em></strong></span> <span class='ocrx_word' id='word_1_147' title='bbox 1102 2457 1284 2537; x_wconf 72' lang='grc' dir='ltr'>ἐπεφθέγγετο</span> <span class='ocrx_word' id='word_1_148' title='bbox 1306 2459 1336 2518; x_wconf 81' lang='grc' dir='ltr'>δὲ</span> <span class='ocrx_word' id='word_1_149' title='bbox 1358 2457 1410 2518; x_wconf 74' lang='grc' dir='ltr'>πού</span> <span class='ocrx_word' id='word_1_150' title='bbox 1424 2482 1450 2522; x_wconf 79' lang='grc' dir='ltr'>τι</span> 
     </span>
    </p>
   </div>
   <div class='ocr_carea' id='block_1_5' title="bbox 1 2552 536 2634">
    <p class='ocr_par' dir='ltr' id='par_1_10' title="bbox 1 2552 536 2634">
     <span class='ocr_line' id='line_1_21' title="bbox 1 2552 536 2634; baseline -0.007 -19"><span class='ocrx_word' id='word_1_151' title='bbox 1 2573 2 2576; x_wconf 73' lang='grc'>’</span> <span class='ocrx_word' id='word_1_152' title='bbox 80 2625 81 2628; x_wconf 10' lang='lat'>¹</span> <span class='ocrx_word' id='word_1_153' title='bbox 225 2553 271 2614; x_wconf 80' lang='grc' dir='ltr'>καὶ</span> <span class='ocrx_word' id='word_1_154' title='bbox 292 2553 379 2634; x_wconf 77' lang='grc' dir='ltr'>βραχὺ</span> <span class='ocrx_word' id='word_1_155' title='bbox 400 2552 536 2632; x_wconf 74' lang='grc' dir='ltr'>ἑκάστῳ.“</span> 
     </span>
    </p>
   </div>
   <div class='ocr_carea' id='block_1_6' title="bbox 224 2649 1446 3062">
    <p class='ocr_par' dir='ltr' id='par_1_11' title="bbox 312 2649 820 2737">
     <span class='ocr_line' id='line_1_22' title="bbox 312 2649 820 2737; baseline 0.004 -19"><span class='ocrx_word' id='word_1_156' title='bbox 312 2653 359 2718; x_wconf 82' lang='lat' dir='ltr'>Et</span> <span class='ocrx_word' id='word_1_157' title='bbox 381 2649 468 2737; x_wconf 89' lang='lat' dir='ltr'>quod</span> <span class='ocrx_word' id='word_1_158' title='bbox 491 2650 667 2720; x_wconf 84' lang='lat' dir='ltr'>Suetonius</span> <span class='ocrx_word' id='word_1_159' title='bbox 691 2655 820 2721; x_wconf 86' lang='lat' dir='ltr'>narrat:</span> 
     </span>
    </p>

    <p class='ocr_par' dir='ltr' id='par_1_12' title="bbox 224 2756 1446 2936">
     <span class='ocr_line' id='line_1_23' title="bbox 315 2756 1446 2864; baseline 0.003 -36"><span class='ocrx_word' id='word_1_160' title='bbox 315 2759 482 2844; x_wconf 86' lang='lat' dir='ltr'>„Cantata</span> <span class='ocrx_word' id='word_1_161' title='bbox 517 2763 594 2827; x_wconf 92' lang='lat' dir='ltr'>sunt</span> <span class='ocrx_word' id='word_1_162' title='bbox 617 2761 779 2843; x_wconf 87' lang='lat' dir='ltr'>quaedam</span> <span class='ocrx_word' id='word_1_163' title='bbox 815 2759 857 2831; x_wconf 92' lang='lat' dir='ltr'>ad</span> <span class='ocrx_word' id='word_1_164' title='bbox 880 2761 1159 2850; x_wconf 59' lang='lat' dir='ltr'>miserationem)</span> <span class='ocrx_word' id='word_1_165' title='bbox 1188 2756 1446 2864; x_wconf 88' lang='lat' dir='ltr'>accommodata,</span> 
     </span>
     <span class='ocr_line' id='line_1_24' title="bbox 224 2867 785 2936; baseline 0 -2"><span class='ocrx_word' id='word_1_166' title='bbox 224 2885 264 2935; x_wconf 84' lang='lat' dir='ltr'>ex</span> <span class='ocrx_word' id='word_1_167' title='bbox 286 2868 426 2936; x_wconf 84' lang='lat' dir='ltr'>Pacuvii</span> <span class='ocrx_word' id='word_1_168' title='bbox 448 2867 627 2934; x_wconf 89' lang='lat' dir='ltr'>Armorum</span> <span class='ocrx_word' id='word_1_169' title='bbox 650 2868 785 2935; x_wconf 89' lang='lat' dir='ltr'>iudicio:</span> 
     </span>
    </p>

    <p class='ocr_par' dir='ltr' id='par_1_13' title="bbox 312 2976 1185 3062">
     <span class='ocr_line' id='line_1_25' title="bbox 312 2976 1185 3062; baseline 0.005 -20"><span class='ocrx_word' id='word_1_170' title='bbox 312 2976 399 3042; x_wconf 63' lang='lat' dir='ltr'>‘Men</span> <span class='ocrx_word' id='word_1_171' title='bbox 423 2992 586 3060; x_wconf 84' lang='lat' dir='ltr'>servasse,</span> <span class='ocrx_word' id='word_1_172' title='bbox 609 2980 647 3043; x_wconf 93' lang='lat' dir='ltr'>ut</span> <span class='ocrx_word' id='word_1_173' title='bbox 670 2981 791 3062; x_wconf 87' lang='lat' dir='ltr'>essent,</span> <span class='ocrx_word' id='word_1_174' title='bbox 816 2976 871 3060; x_wconf 89' lang='lat' dir='ltr'>qui</span> <span class='ocrx_word' id='word_1_175' title='bbox 893 2997 946 3046; x_wconf 90' lang='lat' dir='ltr'>me</span> <span class='ocrx_word' id='word_1_176' title='bbox 968 2979 1185 3061; x_wconf 86' lang='lat' dir='ltr'>perderent.&#39;‘⁴</span> 
     </span>
    </p>
   </div>
   <div class='ocr_carea' id='block_1_7' title="bbox 222 3125 435 3139">
    <p class='ocr_par' dir='ltr' id='par_1_14' title="bbox 222 3125 435 3139">
     <span class='ocr_line' id='line_1_26' title="bbox 222 3125 435 3139; baseline 0 -1"><span class='ocrx_word' id='word_1_177' title='bbox 222 3125 435 3139; x_wconf 51' lang='lat' dir='ltr'>*uum-Au·—</span> 
     </span>
    </p>
   </div>
   <div class='ocr_carea' id='block_1_8' title="bbox 219 3220 1485 4460">
    <p class='ocr_par' dir='ltr' id='par_1_15' title="bbox 226 3220 1446 3477">
     <span class='ocr_line' id='line_1_27' title="bbox 298 3220 1446 3297; baseline 0.003 -18"><span class='ocrx_word' id='word_1_178' title='bbox 298 3223 317 3295; x_wconf 72' lang='grc' dir='ltr'>ι)</span> <span class='ocrx_word' id='word_1_179' title='bbox 337 3220 399 3291; x_wconf 84' lang='lat' dir='ltr'>Quo</span> <span class='ocrx_word' id='word_1_180' title='bbox 416 3223 516 3281; x_wconf 87' lang='lat' dir='ltr'>melius</span> <span class='ocrx_word' id='word_1_181' title='bbox 536 3226 727 3294; x_wconf 75' lang='lat' dir='ltr'>cognoscetur,</span> <span class='ocrx_word' id='word_1_182' title='bbox 746 3225 885 3297; x_wconf 89' lang='lat' dir='ltr'>quomodo</span> <span class='ocrx_word' id='word_1_183' title='bbox 903 3225 1036 3283; x_wconf 84' lang='lat' dir='ltr'>Nicotaus</span> <span class='ocrx_word' id='word_1_184' title='bbox 1056 3228 1085 3283; x_wconf 92' lang='lat' dir='ltr'>et</span> <span class='ocrx_word' id='word_1_185' title='bbox 1103 3225 1251 3284; x_wconf 84' lang='lat' dir='ltr'>Suetonius</span> <span class='ocrx_word' id='word_1_186' title='bbox 1270 3226 1446 3283; x_wconf 84' lang='lat' dir='ltr'>consentient</span> 
     </span>
     <span class='ocr_line' id='line_1_28' title="bbox 229 3309 1445 3386; baseline 0 -15"><span class='ocrx_word' id='word_1_187' title='bbox 229 3311 354 3372; x_wconf 84' lang='lat' dir='ltr'>Suetonii</span> <span class='ocrx_word' id='word_1_188' title='bbox 371 3311 458 3370; x_wconf 85' lang='lat' dir='ltr'>verbe</span> <span class='ocrx_word' id='word_1_189' title='bbox 475 3309 602 3382; x_wconf 80' lang='lat' dir='ltr'>(lecticae</span> <span class='ocrx_word' id='word_1_190' title='bbox 615 3313 784 3385; x_wconf 87' lang='lat' dir='ltr'>impositum,</span> <span class='ocrx_word' id='word_1_191' title='bbox 798 3314 972 3386; x_wconf 86' lang='lat' dir='ltr'>dependente</span> <span class='ocrx_word' id='word_1_192' title='bbox 985 3315 1124 3386; x_wconf 74' lang='lat' dir='ltr'>bracchio,</span> <span class='ocrx_word' id='word_1_193' title='bbox 1144 3314 1201 3372; x_wconf 86' lang='lat' dir='ltr'>tres</span> <span class='ocrx_word' id='word_1_194' title='bbox 1214 3315 1315 3372; x_wconf 86' lang='lat' dir='ltr'>servoli</span> <span class='ocrx_word' id='word_1_195' title='bbox 1333 3315 1445 3372; x_wconf 88' lang='lat' dir='ltr'>domum</span> 
     </span>
     <span class='ocr_line' id='line_1_29' title="bbox 226 3401 1333 3477; baseline 0 -17"><span class='ocrx_word' id='word_1_196' title='bbox 226 3401 407 3475; x_wconf 80' lang='lat' dir='ltr'>rettulerunt)</span> <span class='ocrx_word' id='word_1_197' title='bbox 426 3403 467 3460; x_wconf 84' lang='lat' dir='ltr'>sic</span> <span class='ocrx_word' id='word_1_198' title='bbox 478 3403 588 3473; x_wconf 84' lang='lat' dir='ltr'>inverti,</span> <span class='ocrx_word' id='word_1_199' title='bbox 606 3404 639 3459; x_wconf 90' lang='grc' dir='ltr'>ιιι</span> <span class='ocrx_word' id='word_1_200' title='bbox 661 3403 767 3460; x_wconf 86' lang='lat' dir='ltr'>eisdem</span> <span class='ocrx_word' id='word_1_201' title='bbox 779 3404 853 3475; x_wconf 78' lang='lat' dir='ltr'>apud</span> <span class='ocrx_word' id='word_1_202' title='bbox 863 3403 1010 3461; x_wconf 74' lang='lat' dir='ltr'>Nicolaum</span> <span class='ocrx_word' id='word_1_203' title='bbox 1027 3405 1121 3462; x_wconf 84' lang='lat' dir='ltr'>verbis</span> <span class='ocrx_word' id='word_1_204' title='bbox 1138 3405 1333 3477; x_wconf 77' lang='lat' dir='ltr'>respondeant.</span> 
     </span>
    </p>

    <p class='ocr_par' dir='ltr' id='par_1_16' title="bbox 222 3491 1485 3925">
     <span class='ocr_line' id='line_1_30' title="bbox 295 3491 1445 3566; baseline 0.003 -18"><span class='ocrx_word' id='word_1_205' title='bbox 295 3494 318 3564; x_wconf 82' lang='lat'>²)</span> <span class='ocrx_word' id='word_1_206' title='bbox 335 3493 394 3550; x_wconf 89' lang='lat' dir='ltr'>Nec</span> <span class='ocrx_word' id='word_1_207' title='bbox 412 3491 663 3566; x_wconf 79' lang='lat' dir='ltr'>praetermiserim,</span> <span class='ocrx_word' id='word_1_208' title='bbox 688 3493 763 3566; x_wconf 85' lang='lat' dir='ltr'>quod</span> <span class='ocrx_word' id='word_1_209' title='bbox 787 3494 861 3565; x_wconf 83' lang='lat' dir='ltr'>apud</span> <span class='ocrx_word' id='word_1_210' title='bbox 880 3494 1040 3566; x_wconf 81' lang='lat' dir='ltr'>Appianum</span> <span class='ocrx_word' id='word_1_211' title='bbox 1063 3495 1133 3551; x_wconf 82' lang='lat' dir='ltr'>haec</span> <span class='ocrx_word' id='word_1_212' title='bbox 1155 3510 1201 3552; x_wconf 85' lang='lat' dir='ltr'>ree</span> <span class='ocrx_word' id='word_1_213' title='bbox 1225 3510 1288 3551; x_wconf 89' lang='lat' dir='ltr'>cum</span> <span class='ocrx_word' id='word_1_214' title='bbox 1307 3493 1445 3566; x_wconf 76' lang='lat' dir='ltr'>Caesarie,</span> 
     </span>
     <span class='ocr_line' id='line_1_31' title="bbox 222 3577 1443 3658; baseline -0.003 -18"><span class='ocrx_word' id='word_1_215' title='bbox 222 3583 287 3640; x_wconf 86' lang='lat' dir='ltr'>dum</span> <span class='ocrx_word' id='word_1_216' title='bbox 306 3583 380 3639; x_wconf 76' lang='lat' dir='ltr'>inter</span> <span class='ocrx_word' id='word_1_217' title='bbox 398 3582 472 3639; x_wconf 80' lang='lat' dir='ltr'>viros</span> <span class='ocrx_word' id='word_1_218' title='bbox 492 3585 560 3652; x_wconf 79' lang='lat' dir='ltr'>erat,</span> <span class='ocrx_word' id='word_1_219' title='bbox 583 3583 711 3654; x_wconf 77' lang='lat' dir='ltr'>potentie</span> <span class='ocrx_word' id='word_1_220' title='bbox 729 3586 908 3655; x_wconf 70' lang='lat' dir='ltr'>comparatur</span> <span class='ocrx_word' id='word_1_221' title='bbox 931 3583 985 3655; x_wconf 85' lang='grc' dir='ltr'><strong>(τὸν</strong></span> <span class='ocrx_word' id='word_1_222' title='bbox 1009 3583 1057 3658; x_wconf 84' lang='grc' dir='ltr'>πρὸ</span> <span class='ocrx_word' id='word_1_223' title='bbox 1081 3581 1165 3657; x_wconf 73' lang='grc' dir='ltr'>ὀλίγου</span> <span class='ocrx_word' id='word_1_224' title='bbox 1184 3589 1229 3658; x_wconf 71' lang='grc' dir='ltr'>γῆς</span> <span class='ocrx_word' id='word_1_225' title='bbox 1247 3577 1289 3638; x_wconf 81' lang='grc' dir='ltr'>και</span> <span class='ocrx_word' id='word_1_226' title='bbox 1310 3582 1443 3658; x_wconf 77' lang='grc' dir='ltr'>θαλάττης</span> 
     </span>
     <span class='ocr_line' id='line_1_32' title="bbox 223 3669 1444 3748; baseline 0 -23"><span class='ocrx_word' id='word_1_227' title='bbox 223 3674 389 3746; x_wconf 76' lang='grc' dir='ltr'>προστάτην),</span> <span class='ocrx_word' id='word_1_228' title='bbox 408 3673 493 3729; x_wconf 82' lang='lat' dir='ltr'>etiam</span> <span class='ocrx_word' id='word_1_229' title='bbox 504 3672 579 3744; x_wconf 88' lang='lat' dir='ltr'>apud</span> <span class='ocrx_word' id='word_1_230' title='bbox 592 3672 739 3728; x_wconf 78' lang='lat' dir='ltr'>Nicolaum</span> <span class='ocrx_word' id='word_1_231' title='bbox 750 3672 779 3729; x_wconf 85' lang='lat' dir='ltr'>id</span> <span class='ocrx_word' id='word_1_232' title='bbox 791 3673 912 3730; x_wconf 83' lang='lat' dir='ltr'>inveniri</span> <span class='ocrx_word' id='word_1_233' title='bbox 925 3671 1028 3748; x_wconf 81' lang='grc' dir='ltr'><strong>(ἀνδρὸς</strong></span> <span class='ocrx_word' id='word_1_234' title='bbox 1041 3672 1180 3735; x_wconf 76' lang='grc' dir='ltr'><strong>ἐλάσαντος</strong></span> <span class='ocrx_word' id='word_1_235' title='bbox 1193 3670 1238 3746; x_wconf 66' lang='grc' dir='ltr'>μὲν</span> <span class='ocrx_word' id='word_1_236' title='bbox 1250 3669 1444 3746; x_wconf 76' lang='grc' dir='ltr'><strong>πρόςέσιτὲραν,</strong></span> 
     </span>
     <span class='ocr_line' id='line_1_33' title="bbox 223 3759 1485 3841; baseline 0.001 -26"><span class='ocrx_word' id='word_1_237' title='bbox 223 3759 398 3838; x_wconf 74' lang='grc' dir='ltr'><strong>διανοουμένον</strong></span> <span class='ocrx_word' id='word_1_238' title='bbox 418 3759 442 3814; x_wconf 82' lang='grc' dir='ltr'>δ’</span> <span class='ocrx_word' id='word_1_239' title='bbox 462 3759 573 3816; x_wconf 78' lang='grc' dir='ltr'><strong>ἐλαύνειν</strong></span> <span class='ocrx_word' id='word_1_240' title='bbox 592 3759 657 3841; x_wconf 78' lang='grc' dir='ltr'>πρὸς</span> <span class='ocrx_word' id='word_1_241' title='bbox 676 3760 720 3832; x_wconf 75' lang='grc' dir='ltr'><strong>ἔοι,</strong></span> <span class='ocrx_word' id='word_1_242' title='bbox 745 3760 781 3824; x_wconf 82' lang='grc' dir='ltr'>ὡς</span> <span class='ocrx_word' id='word_1_243' title='bbox 802 3759 830 3816; x_wconf 81' lang='grc' dir='ltr'>ἂν</span> <span class='ocrx_word' id='word_1_244' title='bbox 850 3760 885 3825; x_wconf 79' lang='grc' dir='ltr'>εἰς</span> <span class='ocrx_word' id='word_1_245' title='bbox 905 3759 962 3837; x_wconf 74' lang='grc' dir='ltr'>μίαν</span> <span class='ocrx_word' id='word_1_246' title='bbox 982 3760 1065 3836; x_wconf 73' lang='grc' dir='ltr'>ἀργὴν</span> <span class='ocrx_word' id='word_1_247' title='bbox 1084 3759 1275 3837; x_wconf 77' lang='grc' dir='ltr'><strong>κεφαλαιωθείη</strong></span> <span class='ocrx_word' id='word_1_248' title='bbox 1294 3767 1339 3837; x_wconf 74' lang='grc' dir='ltr'>γῆς</span> <span class='ocrx_word' id='word_1_249' title='bbox 1358 3761 1442 3832; x_wconf 80' lang='grc' dir='ltr'><strong>πάσης</strong></span> <span class='ocrx_word' id='word_1_250' title='bbox 1482 3795 1485 3799; x_wconf 96' lang='grc'>-</span> 
     </span>
     <span class='ocr_line' id='line_1_34' title="bbox 223 3848 701 3925; baseline 0.004 -23"><span class='ocrx_word' id='word_1_251' title='bbox 223 3848 263 3904; x_wconf 77' lang='lat' dir='ltr'>red</span> <span class='ocrx_word' id='word_1_252' title='bbox 280 3849 413 3922; x_wconf 67' lang='lat' dir='ltr'>halaleca&lt;</span> <span class='ocrx_word' id='word_1_253' title='bbox 432 3848 464 3905; x_wconf 80' lang='grc' dir='ltr'>τὰ</span> <span class='ocrx_word' id='word_1_254' title='bbox 481 3849 593 3925; x_wconf 67' lang='grc' dir='ltr'><strong>κράιηι,</strong></span> <span class='ocrx_word' id='word_1_255' title='bbox 640 3849 646 3892; x_wconf 70' lang='grc' dir='ltr'><em>ί</em></span> <span class='ocrx_word' id='word_1_256' title='bbox 688 3882 701 3910; x_wconf 54' lang='grc' dir='ltr'>ι,</span> 
     </span>
    </p>

    <p class='ocr_par' dir='ltr' id='par_1_17' title="bbox 220 3939 1440 4281">
     <span class='ocr_line' id='line_1_35' title="bbox 294 3939 1440 4014; baseline 0.002 -18"><span class='ocrx_word' id='word_1_257' title='bbox 294 3941 317 4011; x_wconf 76' lang='lat'>⁸)</span> <span class='ocrx_word' id='word_1_258' title='bbox 344 3941 520 4014; x_wconf 82' lang='lat' dir='ltr'>Quamquam</span> <span class='ocrx_word' id='word_1_259' title='bbox 537 3940 583 3996; x_wconf 87' lang='lat' dir='ltr'>vel</span> <span class='ocrx_word' id='word_1_260' title='bbox 602 3958 635 3998; x_wconf 88' lang='lat' dir='ltr'>ea</span> <span class='ocrx_word' id='word_1_261' title='bbox 653 3957 755 4012; x_wconf 82' lang='lat' dir='ltr'>peuce,</span> <span class='ocrx_word' id='word_1_262' title='bbox 784 3957 856 4014; x_wconf 85' lang='lat' dir='ltr'>quae</span> <span class='ocrx_word' id='word_1_263' title='bbox 874 3940 1028 4012; x_wconf 81' lang='lat' dir='ltr'>Lupienees</span> <span class='ocrx_word' id='word_1_264' title='bbox 1051 3941 1094 3997; x_wconf 91' lang='lat' dir='ltr'>illi</span> <span class='ocrx_word' id='word_1_265' title='bbox 1117 3940 1152 3997; x_wconf 87' lang='lat' dir='ltr'>de</span> <span class='ocrx_word' id='word_1_266' title='bbox 1170 3939 1306 3997; x_wconf 83' lang='lat' dir='ltr'>dodrante</span> <span class='ocrx_word' id='word_1_267' title='bbox 1326 3939 1440 3998; x_wconf 81' lang='lat' dir='ltr'>Octavio</span> 
     </span>
     <span class='ocr_line' id='line_1_36' title="bbox 222 4026 1439 4102; baseline 0.001 -18"><span class='ocrx_word' id='word_1_268' title='bbox 222 4029 296 4100; x_wconf 85' lang='lat' dir='ltr'>dcto,</span> <span class='ocrx_word' id='word_1_269' title='bbox 318 4037 346 4085; x_wconf 89' lang='lat' dir='ltr'>et</span> <span class='ocrx_word' id='word_1_270' title='bbox 364 4026 399 4086; x_wconf 93' lang='lat' dir='ltr'>de</span> <span class='ocrx_word' id='word_1_271' title='bbox 417 4031 524 4102; x_wconf 87' lang='lat' dir='ltr'>populi,</span> <span class='ocrx_word' id='word_1_272' title='bbox 543 4033 723 4088; x_wconf 88' lang='lat' dir='ltr'>cumveetem</span> <span class='ocrx_word' id='word_1_273' title='bbox 736 4029 865 4088; x_wconf 80' lang='lat' dir='ltr'>Caesarie</span> <span class='ocrx_word' id='word_1_274' title='bbox 879 4033 1053 4088; x_wconf 79' lang='lat' dir='ltr'>cruentatam</span> <span class='ocrx_word' id='word_1_275' title='bbox 1071 4029 1237 4102; x_wconf 78' lang='lat' dir='ltr'>aspexisset</span> <span class='ocrx_word' id='word_1_276' title='bbox 1254 4029 1305 4100; x_wconf 83' lang='lat' dir='ltr'>irc,</span> <span class='ocrx_word' id='word_1_277' title='bbox 1324 4027 1439 4086; x_wconf 83' lang='lat' dir='ltr'>Octavio</span> 
     </span>
     <span class='ocr_line' id='line_1_37' title="bbox 221 4117 1441 4194; baseline 0.002 -20"><span class='ocrx_word' id='word_1_278' title='bbox 221 4131 353 4176; x_wconf 80' lang='lat' dir='ltr'>ramasse</span> <span class='ocrx_word' id='word_1_279' title='bbox 372 4117 503 4176; x_wconf 86' lang='lat' dir='ltr'>dicuntur</span> <span class='ocrx_word' id='word_1_280' title='bbox 520 4119 589 4192; x_wconf 79' lang='lat'>(17),</span> <span class='ocrx_word' id='word_1_281' title='bbox 608 4117 713 4192; x_wconf 87' lang='lat' dir='ltr'>optime</span> <span class='ocrx_word' id='word_1_282' title='bbox 731 4119 910 4177; x_wconf 84' lang='lat' dir='ltr'>consentiunt</span> <span class='ocrx_word' id='word_1_283' title='bbox 897 4122 990 4177; x_wconf 90' lang='lat' dir='ltr'>teum</span> <span class='ocrx_word' id='word_1_284' title='bbox 1009 4121 1058 4192; x_wconf 90' lang='lat' dir='ltr'>eie,</span> <span class='ocrx_word' id='word_1_285' title='bbox 1077 4133 1149 4194; x_wconf 82' lang='lat' dir='ltr'>quse</span> <span class='ocrx_word' id='word_1_286' title='bbox 1167 4117 1316 4177; x_wconf 86' lang='lat' dir='ltr'>Suetonius</span> <span class='ocrx_word' id='word_1_287' title='bbox 1336 4119 1441 4189; x_wconf 70' lang='lat' dir='ltr'>(tsslct</span> 
     </span>
     <span class='ocr_line' id='line_1_38' title="bbox 220 4205 1203 4281; baseline 0.005 -17"><span class='ocrx_word' id='word_1_288' title='bbox 220 4205 367 4281; x_wconf 74' lang='lat' dir='ltr'>Appianas</span> <span class='ocrx_word' id='word_1_289' title='bbox 386 4205 421 4266; x_wconf 88' lang='lat' dir='ltr'>de</span> <span class='ocrx_word' id='word_1_290' title='bbox 438 4208 483 4266; x_wconf 85' lang='lat' dir='ltr'>hie</span> <span class='ocrx_word' id='word_1_291' title='bbox 501 4206 586 4265; x_wconf 83' lang='lat' dir='ltr'>reh&#39;ue</span> <span class='ocrx_word' id='word_1_292' title='bbox 605 4207 737 4267; x_wconf 85' lang='lat' dir='ltr'>exhibent</span> <span class='ocrx_word' id='word_1_293' title='bbox 756 4209 837 4281; x_wconf 78' lang='lat'>(145).</span> <span class='ocrx_word' id='word_1_294' title='bbox 1199 4244 1203 4254; x_wconf 56' lang='grc' dir='ltr'>ι</span> 
     </span>
    </p>

    <p class='ocr_par' dir='ltr' id='par_1_18' title="bbox 219 4295 1437 4448">
     <span class='ocr_line' id='line_1_39' title="bbox 292 4295 1437 4372; baseline 0.002 -18.018"><span class='ocrx_word' id='word_1_295' title='bbox 292 4297 389 4367; x_wconf 83' lang='lat' dir='ltr'>&gt;Cic</span> <span class='ocrx_word' id='word_1_296' title='bbox 408 4295 436 4353; x_wconf 86' lang='lat'>11</span> <span class='ocrx_word' id='word_1_297' title='bbox 454 4297 526 4354; x_wconf 89' lang='lat' dir='ltr'>Phil.</span> <span class='ocrx_word' id='word_1_298' title='bbox 546 4300 592 4354; x_wconf 81' lang='lat'>91:</span> <span class='ocrx_word' id='word_1_299' title='bbox 621 4297 702 4370; x_wconf 81' lang='lat' dir='ltr'>„Tne</span> <span class='ocrx_word' id='word_1_300' title='bbox 719 4298 769 4355; x_wconf 85' lang='lat' dir='ltr'>illa</span> <span class='ocrx_word' id='word_1_301' title='bbox 786 4299 904 4370; x_wconf 84' lang='lat' dir='ltr'>pulchre</span> <span class='ocrx_word' id='word_1_302' title='bbox 920 4297 1061 4372; x_wconf 76' lang='lat' dir='ltr'>laudatio,</span> <span class='ocrx_word' id='word_1_303' title='bbox 1078 4301 1128 4356; x_wconf 84' lang='lat' dir='ltr'>tue</span> <span class='ocrx_word' id='word_1_304' title='bbox 1145 4297 1318 4357; x_wconf 66' lang='lat' dir='ltr'>misererier</span> <span class='ocrx_word' id='word_1_305' title='bbox 1327 4297 1383 4372; x_wconf 79' lang='lat' dir='ltr'>(ct</span> <span class='ocrx_word' id='word_1_306' title='bbox 1402 4295 1437 4356; x_wconf 84' lang='lat' dir='ltr'>ed</span> 
     </span>
     <span class='ocr_line' id='line_1_40' title="bbox 219 4382 1128 4460; baseline 0.001 -16"><span class='ocrx_word' id='word_1_307' title='bbox 219 4385 279 4446; x_wconf 80' lang='lat' dir='ltr'>nte.</span> <span class='ocrx_word' id='word_1_308' title='bbox 296 4385 368 4444; x_wconf 88' lang='lat' dir='ltr'>XIV.</span> <span class='ocrx_word' id='word_1_309' title='bbox 388 4390 436 4445; x_wconf 89' lang='lat'>10</span> <span class='ocrx_word' id='word_1_310' title='bbox 453 4382 550 4459; x_wconf 87' lang='grc' dir='ltr'><strong>,;ιιισ</strong></span> <span class='ocrx_word' id='word_1_311' title='bbox 542 4401 572 4460; x_wconf 89' lang='grc' dir='ltr'>Ιιιι</span> <span class='ocrx_word' id='word_1_312' title='bbox 589 4383 677 4445; x_wconf 85' lang='lat' dir='ltr'>foro.</span> <span class='ocrx_word' id='word_1_313' title='bbox 697 4387 852 4447; x_wconf 80' lang='grc' dir='ltr'><strong>,ιιιιιιιιιι</strong></span> <span class='ocrx_word' id='word_1_314' title='bbox 870 4389 1128 4448; x_wconf 82' lang='lat' dir='ltr'>rtiserehlhtcr..</span> 
     </span>
    </p>
   </div>
   <div class='ocr_carea' id='block_1_9' title="bbox 1242 4495 1274 4552">
    <p class='ocr_par' dir='ltr' id='par_1_19' title="bbox 1242 4495 1274 4552">
     <span class='ocr_line' id='line_1_41' title="bbox 1242 4495 1274 4552; baseline 0 -28"><span class='ocrx_word' id='word_1_315' title='bbox 1242 4495 1274 4552; x_wconf 73' lang='lat'>4.</span> 
     </span>
    </p>
   </div>
   <div class='ocr_carea' id='block_1_10' title="bbox 0 0 1746 5098">
    <p class='ocr_par' dir='ltr' id='par_1_20' title="bbox 0 0 1746 5098">
     <span class='ocr_line' id='line_1_42' title="bbox 0 0 1746 5098; baseline 0 6"><span class='ocrx_word' id='word_1_316' title='bbox 0 0 1746 5098; x_wconf 95' lang='lat' dir='ltr'> </span> 
     </span>
    </p>
   </div>
  </div>
 </body>
</html>
