3482 5098
763 345 982 409 ..23-

267 539 426 604 foetorum
450 537 590 604 salutem
607 539 807 621 excogitato:
831 556 896 603 non
920 537 1005 604 enim
1028 537 1097 604 fore
1112 555 1227 618 paoem
1249 536 1313 603 nisi
1328 555 1485 604 oonoessa

267 644 313 710 eis
337 645 498 711 oblivione
522 644 642 710 oaedis.

354 751 428 818 Tali
471 750 505 816 in
540 754 631 818 statu
676 749 882 818 versantibus
928 750 1067 833 primum
1113 750 1306 832 apparuisse
1345 750 1483 819 Cinnam

264 862 461 941 praetorem,
485 857 615 924 affinem
640 856 805 940 Caesaris,
839 865 874 925 ιι
906 861 1038 940 praeter
1060 856 1243 940 opinionem
1275 857 1309 923 in
1342 859 1483 925 medium

261 983 471 1049 progressum
494 969 620 1032 vestem
653 964 855 1047 praetoriam
883 963 1012 1031 exuisse
1035 963 1131 1045 quasi
1158 982 1179 1030 a
1205 967 1347 1048 tyranno
1371 965 1482 1032 datam

263 1071 482 1139 detestantem
524 1076 557 1139 ιι
596 1071 774 1139 Caesarem
819 1076 995 1157 tyrannum
1033 1089 1185 1153 vocasse,
1233 1077 1267 1138 et
1310 1072 1365 1154 qui
1411 1091 1483 1139 eum

261 1178 466 1262 oooidissent,
490 1180 726 1264 tyrannioidas,
750 1184 784 1247 et
799 1181 922 1247 laetum
945 1179 1098 1246 laudasse
1121 1183 1159 1244 ut
1174 1177 1370 1246 simillimum
1393 1179 1482 1246 saoto

264 1285 311 1351 illi
333 1287 504 1370 maiorum,
528 1292 561 1353 ιι
576 1286 665 1353 viros
688 1291 727 1354 ut
741 1288 823 1354 bene
838 1287 973 1354 meritos
996 1285 1132 1353 iussisse
1148 1285 1261 1352 vocari
1284 1305 1302 1352 e
1318 1284 1482 1369 Capitolio

259 1393 476 1476 praemiisque
499 1395 661 1462 exornari.

345 1499 392 1566 Et
425 1501 511 1568 huno
545 1502 675 1584 quidem
709 1502 791 1571 haee
815 1501 947 1584 dixisse,
981 1501 1225 1568 mercennarios
1260 1503 1381 1584 autem,
1416 1519 1480 1567 non

259 1607 405 1675 videntes
420 1608 644 1692 incorruptam
660 1614 789 1692 partem
805 1609 916 1692 populi
936 1627 1009 1675 sese
1025 1627 1098 1675 eum
1113 1607 1194 1690 ipsis
1209 1607 1357 1690 miseere,
1381 1626 1480 1674 ausos

258 1733 322 1780 uon
346 1734 419 1782 esse
441 1715 531 1782 viros
554 1734 675 1784 vooaro
698 1735 803 1799 neque
838 1716 1015 1799 quidquam
1043 1714 1182 1797 amplius
1211 1733 1311 1796 quam
1335 1715 1375 1781 de
1397 1734 1480 1797 paee

261 1822 332 1888 sola
353 1821 472 1889 itemm
496 1823 668 1890 olamasse,

348 1929 421 1996 122.
470 1929 552 1997 Cum
576 1935 687 1998 autam
711 1931 811 1998 etiam
834 1931 1018 2013 Dolabella,
1047 1931 1144 1997 homo
1168 1932 1282 1996 aetate
1304 1929 1420 2011 minor,
1444 1934 1478 1996 et

257 2037 487 2120 nobilissimus,
522 2045 556 2105 et
579 2039 693 2106 oonsul
721 2039 922 2123 designatus,
957 2043 1005 2120 ut,
1028 2056 1127 2120 quum
1152 2036 1278 2105 Caesar
1300 2037 1475 2119 paludatus

257 2143 388 2227 exisset,
411 2145 520 2228 iniret,
549 2151 676 2213 vestem
704 2146 833 2228 quidem
858 2145 1062 2212 oonsularem
1089 2144 1250 2212 induisset
1280 2149 1314 2210 et
1335 2143 1478 2228 insignia

256 2251 471 2334 magistratus
506 2253 714 2335 arripuisset,
750 2271 823 2319 eum
858 2255 979 2334 autem,
1014 2251 1070 2333 qui
1103 2252 1186 2318 haee
1220 2251 1250 2319 ei
1284 2251 1476 2334 donaverat,

257 2359 341 2425 alter
368 2359 522 2427 eonvioiis
545 2359 699 2426 laesisset
730 2364 764 2426 et
786 2358 974 2426 simulasset
1004 2358 1169 2426 oonsoium
1203 2377 1239 2424 se
1272 2357 1373 2424 fuisse
1400 2377 1475 2425 oon·

256 2465 443 2550 iurationis,
479 2472 512 2534 et
540 2485 561 2534 a
589 2468 693 2534 oaede
719 2467 793 2550 ipsa
827 2471 956 2533 tantum
989 2466 1129 2532 invitum
1164 2484 1200 2532 se
1232 2465 1354 2532 aluisse
1388 2465 1476 2552 (esse

256 2572 367 2657 etiam,
396 2574 451 2656 qui
474 2575 620 2642 dicerent
643 2593 717 2641 eum
739 2593 887 2659 rogasse,
910 2579 949 2641 ut
970 2573 999 2640 is
1022 2573 1091 2640 dies
1114 2573 1188 2639 urbi
1209 2572 1331 2640 natalis
1355 2573 1475 2640 eonsti-

255 2678 427 2767 tueretur),
448 2687 519 2749 tum
535 2683 663 2749 demum
685 2681 785 2750 etiam
800 2681 1042 2749 mercennarios
1059 2681 1200 2748 audaoes
1220 2681 1327 2747 laotos
1349 2698 1477 2747 esse-

254 2791 370 2870 utpote
393 2808 465 2856 oum
489 2793 523 2856 et
544 2793 679 2872 praetor
713 2793 747 2856 et
781 2790 894 2874 oonsul
918 2808 991 2856 oum
1025 2789 1105 2870 ipsis
1130 2787 1419 2855 consentirent-
1442 2793 1476 2854 ιι

253 2895 342 2962 viros
366 2916 384 2962 e
408 2895 570 2979 Capitolio
593 2915 742 2964 vocasse.

342 3003 415 3069 Hos
442 3007 553 3070 autem
587 3005 730 3072 laetatos
759 3005 889 3087 quidem
917 3022 991 3071 esse
1014 3004 1054 3070 de
1076 3002 1251 3069 Dolabella
1279 3005 1313 3068 ιι
1340 3005 1476 3085 putasse

254 3129 290 3177 se
323 3109 493 3177 habituros
531 3111 637 3178 virum
675 3111 804 3179 labilem
839 3116 873 3178 et
909 3110 1050 3179 nobilem
1088 3114 1123 3177 et
1160 3109 1340 3191 oonsulem,
1379 3128 1475 3191 quem

253 3216 408 3300 Antonio
424 3224 635 3301 opponerent,
660 3219 867 3287 despondisse
890 3222 1000 3286 autem
1025 3238 1065 3285 ex
1089 3217 1136 3284 eis
1159 3217 1247 3283 solos
1265 3215 1418 3283 Cassium
1442 3221 1476 3283 et

252 3323 403 3391 Brutum.

343 3430 426 3499 Cum
450 3437 560 3500 autem
588 3433 621 3499 in
644 3433 785 3500 medium
813 3433 1012 3515 prodisseut,
1046 3431 1126 3499 nihil
1153 3431 1273 3499 humile
1300 3435 1475 3513 utrumque

253 3539 397 3606 looutum
414 3558 497 3622 esse,
522 3541 580 3607 sed
595 3545 633 3607 ut
654 3540 689 3606 in
712 3560 749 3607 re
770 3540 853 3607 bene
869 3545 965 3624 gesta
979 3538 1119 3606 invioem
1135 3558 1172 3606 se
1186 3539 1339 3606 laudasse
1355 3542 1389 3604 et
1403 3539 1476 3605 urbi

253 3647 438 3729 gratulatos
463 3665 535 3713 esse
559 3652 593 3713 et
614 3647 752 3714 Deoimo
775 3647 917 3714 maxime
940 3646 1067 3730 gratias
1091 3647 1208 3730 egisse,
1237 3646 1324 3728 quod
1347 3645 1472 3728 gladia·

254 3757 343 3820 tores
367 3753 447 3836 ipsis
470 3753 504 3819 in
527 3757 674 3836 tempore
696 3753 912 3837 praebuisset.
958 3753 1005 3820 Et
1019 3755 1174 3837 populum
1198 3771 1254 3820 eos
1278 3753 1472 3820 adhortatos

253 3879 336 3942 esse,
359 3865 397 3926 ut
419 3860 505 3927 idem
528 3861 663 3943 iaceret,
687 3863 773 3945 quod
795 3861 948 3944 maiores,
979 3860 1035 3942 qui
1057 3879 1152 3945 reges
1176 3859 1387 3942 expulissent,
1417 3858 1473 3941 qui

251 3985 316 4032 nou
339 3967 487 4049 pervim
510 3973 717 4052 regnassent,
739 3969 797 4036 sed
822 3968 966 4052 legitime
990 3967 1094 4034 oreati
1116 3966 1265 4035 fuissent.
1353 4007 1355 4012 -

336 4073 536 4157 Sextumque
558 4074 763 4158 Pompeium,
785 4076 924 4159 Pompei
943 4075 1057 4160 Magni
1079 4075 1191 4158 filiurn,
1215 4074 1296 4156 eius,
1320 4073 1375 4156 qui
1398 4091 1470 4140 oum

253 4180 398 4249 Caesare
412 4201 472 4264 pro
488 4183 656 4265 republica
670 4183 790 4250 bellum
805 4183 973 4268 gessisset,
997 4202 1059 4250 eos
1070 4183 1236 4251 censuisse
1251 4180 1471 4248 revocandum

252 4307 335 4371 esse,
363 4289 447 4355 bello
476 4293 546 4358 tum
570 4309 762 4374 oppressum
796 4311 818 4358 a
840 4291 996 4359 Caesaris
1025 4291 1143 4375 legatis
1170 4291 1205 4356 in
1227 4287 1402 4372 Hispania,
1438 4291 1472 4354 ιι

251 4395 399 4462 tribunos
414 4397 517 4479 plebis
534 4396 723 4468 Caesetium
746 4403 781 4468 ιι
794 4400 980 4483 Marullum,
1003 4398 1060 4482 qui
1075 4398 1273 4487 magistratu
1289 4416 1310 4464 a
1326 4393 1471 4465 Caesare

250 4503 332 4572 moti
354 4504 465 4572 exules
488 4509 610 4574 essent.
