3482 5098
779 329 1001 392 ..46-

286 519 403 606 osse‚1)
426 526 538 589 tamen
561 521 687 589 addidit
709 525 827 591 saltem
842 521 1004 606 postridie
1023 522 1173 603 eonsules
1194 518 1349 604 populum
1371 521 1405 586 in
1429 539 1505 587 oon-

285 628 408 695 tionem
431 647 641 710 oonvooasse‚
665 634 699 696 et
715 631 761 697 eis
777 631 919 708 recitata
933 649 1025 712 esse·
1040 647 1125 711 quae
1141 632 1274 695 senatus
1295 628 1505 710 decrevisset,

286 740 320 802 et
344 735 536 803 Ciceronem
558 737 695 804 multam
719 739 890 805 oblivionis
918 738 1048 804 laudem
1076 735 1242 802 addidisse
1287 735 1382 822 (loa
1427 741 1507 820 Ἀμα

285 841 376 920 ἡμέρᾳ
396 842 422 900 οἱ
442 842 492 920 μὲν
512 841 608 903 ύπατοι
628 843 659 902 τὸ
679 843 787 923 πλῆθος
807 844 836 910 ἐς
854 843 1003 923 ἐκκλησίαν
1024 841 1199 914 συνεκάλουν,
1225 840 1271 902 καὶ
1295 841 1506 918 ἀνεγιγνώσκετο

286 938 376 1005 αὐτοῖς
395 938 429 998 τὰ
450 939 576 1011 δόξαντα,
598 941 644 1002 καὶ
664 941 790 1022 Κικέρων
810 943 879 1003 πολὺ
902 945 950 1021 τῆς
971 939 1118 1018 ἀμνηστίας
1139 939 1274 1017 ἐγκώμιον
1294 939 1461 1016 ἐπέλεηεν.2)

375 1038 470 1121 Quod
494 1045 604 1108 autem
629 1042 671 1108 ad
695 1045 846 1109 senatum
870 1042 1005 1122 attinet,
1033 1039 1216 1106 rectissimo
1240 1040 1304 1106 alio
1333 1041 1404 1106 looo
1429 1039 1508 1106 dioit

285 1149 436 1213 senatum
460 1147 501 1213 do
523 1148 612 1214 laeto
635 1148 767 1215 minime
790 1151 951 1216 laetatum
975 1167 1057 1214 esse.
1103 1147 1162 1213 IV.
1189 1147 1267 1212 132:
1299 1151 1334 1214 ‘H
1362 1155 1475 1232 βουλητ
1499 1197 1507 1215 .

286 1264 359 1321 δυοῖν
379 1260 484 1322 τούτοιν
511 1255 543 1340 (l.
569 1276 596 1322 θ.
621 1256 719 1322 Bruti
746 1260 781 1322 et
805 1256 926 1341 Cassii)
950 1263 1032 1324 ἕνεκα
1053 1265 1131 1322 πᾶσιν
1152 1261 1300 1339 ἀμνηστίαν
1327 1260 1445 1333 ἐτίθετο,
1470 1310 1475 1320 .
1499 1308 1505 1322 .

287 1359 339 1421 οὐκ
359 1359 498 1437 ἀμελοῦσα
519 1361 569 1439 μὲν
590 1361 612 1420 Γ
614 1360 673 1421 aloe
695 1359 841 1440 Καίσαρος,
864 1361 928 1422 οὐδὲ
949 1361 1106 1440 ἐφηδομένη
1128 1364 1183 1426 τοῖς
1202 1360 1351 1437 γεγονόσιν,
1372 1361 1441 1420 ὅπου
1463 1359 1508 1422 καὶ

287 1460 375 1526 ζῶντα
395 1463 443 1538 τῆς
464 1459 562 1538 ἀρετῆς
584 1459 629 1520 καὶ
649 1459 734 1540 τύχης
756 1459 903 1539 ἐθαύμαζε,
926 1460 972 1521 καὶ
992 1459 1091 1539 ἐκύρου
1112 1461 1176 1538 ἔργα
1197 1457 1321 1520 ἀθάνατοι
1342 1457 1438 1519 εἶναι..

373 1560 468 1626 Haeo
491 1559 605 1641 habui,
640 1579 724 1642 quae
748 1560 927 1642 exploratis
954 1561 1021 1626 iam
1048 1559 1145 1625 rebus
1169 1559 1273 1640 primo
1302 1563 1337 1625 et
1363 1560 1506 1626 seeundo

285 1665 337 1732 die
359 1667 462 1750 gestis
486 1668 526 1734 de
549 1667 696 1750 Appiani
718 1667 909 1736 narratione
931 1667 1063 1750 proprie
1086 1667 1249 1733 adderem.

792 1919 1005 1928 ——-—---—-·

872 2149 919 2218 11.

376 2291 502 2374 Quodsi
524 2294 617 2360 nobis
640 2295 845 2377 propositum
869 2298 942 2361 erat
958 2312 1128 2376 quaerere,
1151 2293 1237 2360 unde
1260 2293 1384 2359 laetum
1408 2297 1508 2375 esset,

285 2406 323 2468 ut
333 2400 598 2468 interfectoribus
612 2399 766 2468 Caesaris
778 2401 986 2468 Liberalibus
1004 2400 1122 2467 oblivio
1139 2399 1250 2467 saedis
1263 2400 1508 2482 ooneederetur‚

285 2508 318 2574 id
343 2507 473 2591 quidem
495 2507 562 2575 iam
585 2507 800 2590 absolvimus3
830 2508 887 2574 sod
910 2511 948 2573 ut
970 2511 1043 2574 tota
1065 2509 1149 2574 haee
1172 2507 1321 2588 quaestio
1346 2507 1420 2573 inde
1445 2506 1507 2573 ori·

286 2616 394 2698 ginem
418 2618 564 2698 ceperat,
599 2619 652 2698 ut,
688 2633 772 2697 quae
795 2614 969 2698 Appianus
1004 2615 1044 2680 de
1078 2616 1175 2680 rebus
1203 2614 1279 2680 inde
1308 2613 1508 2681 aansaris

287 2742 366 2790 neoe
389 2723 491 2806 gestis
526 2722 677 2804 tradidit,
712 2723 817 2789 denuo
846 2723 1107 2806 perquireremus
1137 2722 1180 2806 (p.
1204 2721 1254 2806 3),
1289 2722 1338 2788 ita
1364 2722 1509 2789 breviter

287 2832 534 2912 perlustremus
559 2830 636 2912 quid
660 2831 700 2896 de
723 2849 764 2896 ea
785 2851 822 2896 re
846 2831 1082 2914 collegerimus.

378 2936 473 3019 Quod
488 2937 606 3005 Ranke
630 2938 758 3004 oollatis
774 2936 920 3021 Appiani
937 2943 971 3004 et
985 2937 1158 3004 Plutarchi
1173 2955 1277 3019 usque
1294 2937 1336 3003 ed
1354 2936 1509 3004 Caesaris

287 3051 426 3112 mortem
449 3045 693 3112 narrationibus
710 3049 890 3112 statuerat:
918 3045 1001 3128 „Ein
1017 3045 1185 3110 'athnliohes
1201 3044 1392 3110 Verh'altnis
1408 3045 1510 3110 findet

288 3154 358 3220 sioh
381 3172 447 3219 nun
475 3154 560 3219 auoh
583 3153 617 3218 in
641 3153 703 3219 den
726 3153 897 3236 folgenden
921 3153 1035 3219 Zeiten
1066 3152 1118 3217 bei
1140 3151 1290 3235 Appiam
1326 3171 1362 3217 er
1384 3152 1511 3220 stimmt

287 3262 359 3327 hier
380 3261 446 3327 und
470 3261 512 3327 da
534 3260 684 3327 wortlioh
707 3260 768 3326 mit
782 3258 943 3327 Plutarch
966 3260 1110 3342 thensin,
1135 3260 1251 3326 sodass
1268 3277 1345 3325 man
1360 3261 1446 3326 wohl
1469 3279 1510 3326 nu

288 3370 346 3435 der
367 3369 574 3451 Vermutung
607 3367 792 3450 bereohtigt
817 3368 885 3458 ist,
919 3367 995 3434 dass
1031 3366 1083 3433 die
1107 3371 1200 3432 sonst
1227 3367 1344 3432 beiden
1367 3367 1509 3450 gemein-

288 3475 481 3542 sohastliohe
506 3474 634 3557 Quale,
662 3467 799 3541 Asinius
822 3474 928 3540 Pollio
952 3476 993 3542 de
1015 3474 1108 3540 bellis
1132 3475 1296 3557 civilibus,
1332 3475 1417 3541 auoh
1439 3474 1511 3540 hier

288 3603 329 3650 zu
349 3582 485 3650 Gnmde
507 3583 607 3666 liegt“
633 3582 755 3664 optime
778 3582 1010 3665 comprobatur
1032 3581 1274 3648 conserentibus
1297 3581 1401 3664 nobis,
1426 3601 1510 3664 quae

288 3694 426 3774 uterque
449 3690 489 3756 de
512 3690 563 3755 his
586 3689 683 3755 rebus
707 3688 869 3756 exhibeat.

378 3797 491 3881 Atque
513 3797 548 3862 in
569 3797 758 3862 universum
783 3796 912 3878 quidem
941 3796 1179 3862 admonendum
1209 3802 1261 3863 est
1283 3796 1509 3878 Plutarchum,

362 3975 382 4044 ¹)
410 3972 445 4030 of.
463 3971 576 4042 Renke,
605 3972 768 4044 Waltgeseh.
787 3973 823 4028 II.
848 3988 876 4044 p.
894 3975 1003 4037 331.,1.
1038 3973 1169 4044 „Appiam
1196 3973 1235 4029 ist
1256 3973 1326 4029 iiber
1351 3972 1427 4029 disse
1445 3973 1512 4028 Ver-

289 4062 471 4133 handlungen
489 4061 675 4131 auellihrlieh3
695 4061 767 4118 doeh
785 4060 848 4118 faut
867 4079 897 4118 es
911 4061 967 4130 auf,
985 4061 1050 4118 dass
1064 4079 1095 4118 er
1108 4061 1215 4132 Cicero,
1234 4060 1336 4118 dassen
1350 4060 1513 4132 Thsugkeit

290 4152 371 4210 debei
390 4151 462 4208 doeh
481 4151 569 4208 durch
587 4152 637 4207 ihn
655 4151 745 4208 selbst
762 4151 792 4207 in
810 4151 861 4208 der
879 4153 904 4207 2.
917 4149 1075 4223 Philippica
1087 4149 1294 4208 unzweilelhaft
1306 4151 1353 4222 ist,
1371 4166 1422 4223 gor
1434 4151 1512 4207 nieht

291 4241 442 4298 erwbhntf‘

362 4332 384 4402 ²)
401 4331 506 4389 Eodem
526 4331 571 4388 die
583 4331 738 4388 Antonium
757 4329 868 4388 obsides
887 4331 917 4388 in
930 4331 1099 4403 Capitolium
1116 4303 1229 4387 misisse
1247 4329 1324 4400 dicit,
1342 4345 1511 4403 quamquam

290 4421 344 4476 hoo
373 4419 471 4478 eodem
499 4420 544 4476 die
571 4419 677 4478 factum
705 4423 762 4492 eet,
789 4437 845 4492 quo
872 4424 987 4478 senatus
1014 4422 1045 4477 in
1072 4421 1176 4493 templo
1210 4419 1330 4478 Telluris
1358 4418 1513 4478 habebatur

290 4511 328 4582 (p.
347 4513 403 4581 h).
