3482 5098
710 353 929 416 ..47-

208 551 247 612 61
268 545 303 616 in
325 545 397 614 vita
413 543 581 626 Caesaris,
593 613 594 618 ,
606 544 707 612 66666
726 545 800 616 ,eius
816 549 954 613 narrata
977 565 1018 622 66
1032 546 1240 629 potissimum
1256 544 1432 626 addidisse,

208 671 292 736 6666
316 653 358 720 66
382 653 561 722 Caesarem
583 652 691 735 ipsum
713 653 937 736 pertinebant,
966 654 987 720 i.
1013 674 1040 721 e.
1066 653 1143 737 quid
1168 654 1208 720 66
1230 655 1431 720 testamento

208 760 277 827 eins
301 761 425 832 lactum
448 763 537 826 esset
560 763 594 826 et
616 759 777 842 quomodo
801 761 948 843 sepultus
972 764 1061 827 63361
1084 759 1162 845 (68).

224 927 227 932 .
295 866 348 932 Ea
382 871 493 933 autem
527 866 615 949 ipsa,
651 867 691 933 66
726 867 842 949 quibus
878 867 1080 951 quaerimus,
1124 867 1145 933 i.
1183 887 1210 933 e.
1247 867 1431 936 contionem

206 975 251 1040 M.
275 974 373 1042 Bruti
401 978 435 1040 et
458 978 609 1042 senatum
632 974 839 1042 Liberalibus
862 975 1024 1057 habitum,
1059 975 1170 1059 tetigit
1203 974 1309 1059 magis
1333 992 1431 1057 qnam

207 1082 358 1148 narravit
373 1080 455 1167 (61),
479 1101 518 1148 66
534 1083 640 1166 magis
664 1083 751 1165 quod
774 1082 889 1149 eadem
912 1082 945 1148 in
968 1083 1040 1149 vita
1054 1083 1152 1150 Bruti
1167 1082 1299 1149 uberius
1315 1100 1429 1148 narra·

206 1192 303 1256 verat
326 1187 406 1275 (68).

296 1294 361 1364 Sed
383 1297 437 1363 vel
459 1315 567 1379 pauca
588 1297 661 1378 illa,
697 1317 782 1380 quae
806 1297 846 1363 66
869 1297 920 1362 his
948 1297 1046 1364 rebus
1070 1297 1216 1379 exhibet,
1252 1296 1433 1363 eiusmodi

207 1408 298 1484 sunt,
333 1408 372 1470 ut
394 1423 435 1470 ea
458 1423 498 1470 ex
522 1404 650 1486 eodem,
686 1422 750 1487 666
772 1404 948 1487 Appianus
977 1423 1057 1470 usus
1081 1407 1149 1484 est,
1183 1405 1273 1470 fonte
1297 1402 1431 1471 fluxisse

205 1509 301 1576 166116
324 1528 514 1594 cognoscas.

294 1617 382 1684 Nam
404 1618 545 1700 primum
568 1618 713 1702 quidem,
742 1619 829 1701 quod
852 1619 895 1686 ad
918 1620 1093 1686 tumultum
1118 1616 1273 1685 Caesaris
1298 1617 1431 1684 caedem

208 1723 415 1792 subsecutum
454 1726 590 1808 attinet,
637 1725 724 1808 apud
761 1731 937 1808 utrumque
976 1726 1091 1792 eedem
1129 1744 1265 1808 prorsus
1302 1725 1431 1791 ratione

205 1832 352 1899 narratio
376 1832 539 1915 procedit:
563 1836 739 1916 postquam
764 1833 849 1900 enim
871 1833 1029 1900 traditum
1054 1837 1106 1899 est
1121 1836 1274 1900 senatum
1298 1852 1316 1898 6
1339 1831 1431 1898 curia

205 1938 328 2021 fugisse
351 1939 395 2026 (Ι)
426 1943 460 2006 61
482 1941 561 2024 fuga
584 1958 645 2006 sua
667 1942 823 2024 populum
851 1946 978 2007 terrore
1005 1940 1192 2023 implevisse
1216 1938 1293 2025 (Π),
1322 1939 1371 2004 116
1393 1944 1431 2004 61

206 2044 318 2113 domos
343 2052 455 2114 omnes
480 2047 670 2115 clauderent
698 2047 794 2134 (ΙΠ),
828 2048 915 2130 aqud
938 2052 1113 2131 utrumqne
1135 2050 1307 2128 narratur,
1353 2044 1430 2128 quid

205 2150 371 2220 Antonius
395 2159 430 2221 61
451 2154 597 2238 Lepidus
620 2155 758 2220 iecerint
781 2155 863 2240 (IV).

293 2259 388 2342 Quod
410 2281 475 2344 quo
498 2262 604 2346 magis
627 2257 834 2345 perspicuum
857 2263 928 2344 fiat,
951 2262 1051 2329 liceat
1073 2263 1159 2328 hano
1182 2260 1330 2327 tabulam
1353 2279 1429 2342 pro-

204 2385 340 2449 ponere:

267 2511 467 2579 Plutarchus
492 2511 589 2582 Caes.
613 2513 666 2579 67.
693 2513 722 2578 1.
995 2510 1171 2594 Appianus
1199 2510 1272 2575 118.

304 2636 546 2716 Κατειργασμένου
569 2636 599 2697 δὲ
618 2638 667 2697 τοῦ
692 2635 788 2715 ἀνδρὸς
898 2633 1127 2699 Ἐκτελεσθέντος
1166 2633 1197 2693 δὲ
1231 2635 1287 2698 τοῖς
1321 2635 1429 2710 φονεῦσι

1159 2733 1274 2792 τοσοῦδε
1296 2729 1378 2808 ἄγους

226 2831 256 2907 Ι)
279 2833 788 3082 Γ)μὲνγερουσίαδιὰθυρῶνέξέπιπτε
868 2833 939 2912 φυγή
960 2855 990 2892 τε
1010 2830 1044 2911 ἦν
1065 2831 1116 2891 ἀνὰ
1137 2829 1169 2890 τὸ
1190 2830 1380 2908 βουλευτήριον

211 2929 259 3006 Π)
308 2929 353 2990 καὶ
374 2929 510 3009 φεύγουσα
530 2931 685 3011 κατέπλησε
705 2934 787 3012 ταρα-
868 2930 913 2991 καὶ
931 2931 963 2991 τὸ
984 2929 1100 3010 θέατρον
1121 2927 1242 2989 διελύετο
1249 2927 1272 3005 ¹)

519 3033 573 3110 χῆτ
593 3029 640 3090 τὸν
662 3032 786 3109 oppam)
1181 3043 1182 3048 ’

201 3124 266 3204 ΠΙ)
310 3126 379 3192 dicre
405 3127 469 3193 τοὺς
495 3127 545 3206 μὲν
570 3127 659 3194 οἰκίας
680 3128 787 3202 κλείειν,
868 3127 914 3189 καὶ
926 3128 974 3192 τὰς
983 3125 1069 3206 θύρας
1083 3125 1200 3190 ἅπαντες
1213 3123 1355 3185 ἀπέκλειον

518 3227 584 3292 τοὺς
605 3226 636 3286 δὲ
658 3273 695 3288 ..

200 3370 259 3448 IV)
280 3345 453 3577 ρΑντώνως
473 3368 504 3429 δὲ
518 3324 707 3579 ,ὑπεκδύντες
743 3326 787 3393 ἐἰς
840 3323 1012 3486 *Ἀντώνιός
1031 3345 1061 3384 τε
1081 3322 1130 3400 τὴν
1151 3319 1237 3382 οἰκίαν
1257 3317 1367 3400 ὠχύρου

306 3467 352 3528 καὶ
372 3466 493 3533 Λέπιδος
565 3422 650 3489 οἰκίας
670 3423 765 3504 ἑτέρας
869 3423 914 3484 καὶ
935 3422 1053 3488 Λέπιδος
1076 3466 1111 3483 ..

546 3521 703 3601 κατέφυγον.

287 3641 327 3706 Id
354 3640 421 3706 iam
448 3659 509 3721 pro
532 3644 623 3707 certo
645 3640 761 3707 haberi
775 3645 887 3724 potest
909 3641 943 3705 111
959 3640 1122 3706 communi
1142 3642 1313 3725 utriusque
1336 3642 1426 3708 sonte

202 3749 265 3813 hoc
287 3750 358 3815 loco
374 3746 514 3813 Antonii
538 3753 572 3815 61
587 3749 704 3831 Lepidi
719 3749 918 3815 mentionem
934 3749 1058 3814 factam
1081 3767 1165 3814 6336.
1197 3749 1282 3815 11166
1298 3767 1426 3831 666666

201 3858 354 3922 constare
376 3855 508 3921 videtur
530 3855 575 3921 ibi
598 3855 757 3922 traditum
780 3856 882 3922 161336
905 3855 1088 3921 Antonium
1113 3857 1197 3922 clam
1222 3856 1353 3922 domum
1376 3857 1425 3921 fu-

199 3959 287 4043 gisse
311 3963 465 4029 6166663
489 3980 567 4028 3663
590 3962 779 4030 munivisse.
812 3961 907 4044 Quod
923 3967 1044 4043 autem,
1069 3980 1154 4043 quae
1176 3962 1220 4028 ibi
1245 3962 1284 4028 de
1299 3962 1425 4044 Lepido

198 4067 330 4149 proprie
354 4070 457 4136 611616
483 4069 620 4151 suerint,
655 4089 720 4135 non
743 4071 810 4137 iam
834 4088 1032 4154 cognoscere
1061 4088 1250 4151 possumus,
1279 4069 1354 4135 11166
1376 4069 1425 4150 fit,

200 4173 285 4256 quod
301 4174 512 4258 Plutarchus
537 4177 619 4242 satis
643 4176 767 4242 habens
789 4177 928 4242 Antonii
951 4175 1063 4259 sugam
1086 4176 1285 4258 narravisse,
1308 4175 1426 4257 Lepidi

274 4350 295 4420 ¹)
316 4350 350 4407 ci.
369 4349 431 4407 Nic.
451 4353 498 4409 25:
519 4350 622 4427 Κραυφὴ
657 4351 668 4406 ὲ
689 4351 765 4426 poplo
784 4351 889 4426 ἐφέρετο
994 4405 996 4412 ,

420 4443 473 4492 τῶν
492 4437 536 4514 μὲν
556 4440 582 4494 ἐκ
600 4445 646 4495 τοῦ
666 4439 795 4515 συνεδρίου
816 4439 944 4515 φοφόντιυν
964 4483 998 4498 ..

397 4457 407 4600 ἶ
422 4526 544 4602 ἐξανέστη
564 4527 592 4583 δὲ
610 4521 653 4584 καὶ
674 4527 795 4603 ioppen,
814 4527 913 4604 φεύροιν
931 4528 959 4582 ἐκ
976 4532 1022 4584 τοῦ
1041 4527 1162 4604 θεάτρου.
