3482 5098
709 395 841 462 ..ηις
887 435 930 446 ..

211 595 343 658 outuros
369 611 441 659 esse
464 608 576 657 amore
599 589 761 656 libertatis
786 594 820 656 et
843 590 1004 658 desiderio
1028 589 1236 671 reipublicae,
1261 591 1294 654 et
1317 591 1431 670 aperte

211 701 395 782 eloquatur,
413 717 469 765 eos
486 697 634 764 conscios
650 697 712 763 sibi
728 697 858 763 omnino
870 699 977 764 factos
989 717 1055 763 non
1068 714 1140 764 esse
1157 696 1199 779 (οδ
1213 703 1263 784 γὰρ
1277 702 1398 764 συνίεσαν
1411 751 1429 764 ..

210 807 291 873 duas
315 825 368 872 res
391 806 478 871 inter
506 823 542 871 se
570 803 753 870 contrarias
789 823 824 870 se
853 809 1056 888 exspectare,
1091 804 1253 870 libertatis
1282 808 1431 871 amantes

211 914 308 979 simul
332 918 366 979 et
388 911 588 979 nummarios
616 912 764 978 homines
792 912 825 977 in
854 913 1005 979 contione
1034 915 1226 994 praesentes
1248 911 1328 994 ipsis
1351 912 1431 977 foro.

209 1020 338 1086 Deinde
360 1022 423 1086 hoo
447 1021 586 1086 alterum
601 1019 729 1086 facilius
752 1019 853 1086 fuisse
869 1023 1026 1101 corrupta
1047 1019 1114 1086 iam
1130 1018 1251 1086 dudum
1266 1019 1433 1100 republica

211 1111 367 1209 exemplis
392 1127 610 1210 compluribus
635 1126 804 1209 aptissime
827 1127 1016 1194 illustravit.

298 1235 349 1300 No
371 1239 483 1302 tamen
517 1235 688 1301 credamus
711 1233 903 1316 Appianum
936 1234 1019 1300 hacc
1054 1233 1164 1299 omnia
1197 1232 1231 1298 in
1259 1232 1350 1299 fonte
1373 1251 1431 1299 suo

209 1325 383 1424 inuenisse,
407 1342 461 1408 vel
489 1343 552 1407 hoc
574 1341 720 1424 impedit,
755 1341 842 1423 quod
876 1341 993 1423 priscis
1029 1339 1229 1422 temporibus
1264 1358 1329 1405 non
1363 1342 1433 1405 tam

211 1449 373 1532 opposuit,
397 1450 527 1533 qualem
551 1449 669 1515 civitas
703 1449 844 1531 speciem
867 1447 966 1515 Bruti
1000 1451 1112 1514 aetate
1135 1447 1299 1528 habuerit,
1335 1465 1433 1530 quam

210 1557 339 1637 qualem
366 1574 469 1640 usquc
504 1557 547 1622 ad
577 1571 670 1622 suam
704 1556 807 1638 ipsius
837 1559 982 1623 aetatem
1017 1553 1191 1636 acceperit.
1223 1555 1324 1621 Nam
1350 1555 1434 1620 haec

210 1663 357 1744 exempla
381 1663 503 1730 elinlib:
527 1671 661 1748 παμμιγές
681 1693 711 1731 τε
731 1669 784 1750 χοίρ
806 1671 894 1730 ἔστιν
915 1669 968 1749 ἤδη
988 1669 1020 1730 τὸ
1041 1669 1147 1749 πλῆθος
1172 1669 1223 1728 ὑπὸ
1245 1667 1338 1742 ξενίας,
1361 1668 1433 1728 καὶὸ

149 1763 150 1766 “
209 1767 383 1848 ἐξελεύθερος
397 1769 486 1835 αιίτοῖς
501 1769 654 1849 ἰσοπολίτης
668 1768 752 1840 ἐστί,
774 1769 819 1830 καὶ
833 1767 997 1829 ὀδουλείιυν
1008 1768 1087 1828 ἔτιτὸ
1108 1771 1204 1849 σχῆμα
1224 1771 1279 1833 τοῖς
1293 1766 1434 1833 δεσπόταις

209 1876 303 1953 ὅμοιος
315 1869 519 1954 (Mommsen,
532 1869 581 1937 St.
594 1871 634 1937 R.
647 1870 709 1935 HI.
723 1890 755 1952 p.
769 1869 843 1935 220.
857 1868 902 1954 4).
929 1875 968 1936 Τί
979 1898 1010 1935 τε
1020 1875 1168 1955 σιτηρέσιον
1177 1879 1234 1941 τοῖς
1244 1875 1338 1953 πένησι
1347 1897 1434 1956 χορη-

210 1974 339 2052 γούμενον
366 1974 394 2034 ἐν
416 1975 487 2055 μόνη
507 1974 607 2055 Ῥώμη
626 1975 673 2036 τδν
695 1975 775 2052 ἀργὸν
796 1975 842 2036 καὶ
862 1973 1040 2056 πτωχεύοντα
1061 1974 1106 2034 καὶ
1126 1973 1275 2054 ταχυεργὸν
1296 1977 1345 2053 τῆς
1366 1971 1433 2033 Ἰτα·

209 2081 265 2148 λίας
291 2082 362 2142 λεὼν
394 2082 422 2148 ἐς
449 2083 498 2161 τὴν
516 2081 632 2161 Ῥώμην
657 2081 818 2158 ἐπάγεται
840 2075 1044 2160 (Mommsen,
1067 2075 1127 2156 λλ,
1150 2094 1181 2156 p.
1205 2075 1272 2137 444
1295 2073 1389 2158 sqq).

295 2183 336 2247 In
358 2182 422 2249 fine
446 2182 576 2248 domum
591 2183 687 2249 huius
704 2181 927 2265 digressionis,
951 2184 1127 2262 postquam
1143 2181 1184 2247 de
1198 2199 1289 2247 moro
1304 2185 1433 2246 vetera·

207 2307 323 2354 norum
357 2289 391 2353 in
429 2289 573 2357 colonias
609 2288 870 2355 deducendorum
899 2289 1033 2353 locutus
1068 2291 1120 2354 est
1159 2285 1434 2371 (circuitiones

208 2401 509 2482 ἀποστρατευομένων,
534 2451 540 2464 .
564 2451 570 2462 .
593 2405 671 2483 κοινῇ
697 2402 726 2468 ἐς
753 2402 949 2482 κληρουχίας.
973 2449 979 2462 .
1001 2448 1008 2462 .
1032 2394 1113 2479 ἐξιόν)
1149 2395 1191 2461 ad
1226 2400 1435 2476 praesentem

208 2506 278 2567 tum
305 2520 414 2568 rerum
451 2506 576 2568 statum
603 2503 732 2570 rediens
768 2503 808 2568 de
841 2501 893 2567 his
929 2500 1060 2583 quidem
1096 2502 1227 2583 proprie
1262 2501 1435 2568 adnotavit

206 2621 362 2693 magnam
385 2614 455 2675 tum
477 2610 719 2677 multitudinem
745 2610 780 2676 in
807 2610 886 2676 urbe
914 2609 1016 2675 fuisso
1048 2604 1162 2692 (depono
1183 2607 1244 2668 τότε
1266 2607 1434 2685 ἐστάθμευεν

208 2723 236 2782 ἐν
256 2727 312 2790 τοῖς
333 2725 414 2805 ἱεροῖς
435 2725 480 2786 καὶ
500 2725 631 2802 τεμένεσι,
657 2718 698 2786 ef.
722 2739 753 2801 p.
780 2717 844 2802 12).

296 2824 424 2892 Deinde
448 2826 557 2908 pergit
580 2845 621 2892 ex
636 2826 687 2892 his
712 2829 746 2892 et
761 2824 834 2892 aliis
851 2823 1034 2891 hominibus
1051 2823 1158 2904 pretio
1181 2823 1352 2890 venalibus
1369 2844 1434 2891 non

208 2931 338 2998 difficile
354 2933 486 2999 turbam
502 2933 647 3014 aliquam
664 2932 781 3000 Cassio
797 2932 831 2998 in
854 2932 961 3000 sorum
974 2930 1088 2996 statim
1100 2930 1273 2996 collectam
1290 2931 1402 3014 fuisse,
1410 2932 1434 3016 1)

208 3058 302 3122 quae,
316 3059 459 3106 oumnon
469 3042 573 3106 solum
582 3040 688 3108 Oinna
699 3044 835 3123 praetor
847 3038 1002 3106 Caesaris
1012 3037 1191 3103 memoriae
1204 3038 1434 3121 obtrectasset

208 3147 266 3212 sed
282 3146 381 3214 etiam
394 3147 569 3214 Dolabella
585 3149 698 3215 consul
713 3133 907 3230 participem
926 3165 962 3213 se
974 3144 1210 3232 coniurationis
1223 3144 1325 3211 fuisse
1337 3146 1435 3213 simu-

206 3254 319 3336 lasset,
349 3258 419 3321 tum
448 3256 577 3322 demum
602 3253 754 3321 Cassium
783 3274 856 3322 oum
885 3254 952 3320 suis
977 3273 994 3320 e
1019 3252 1185 3334 Capitolio
1209 3251 1433 3337 vocaveritq

301 3361 350 3428 Ut
396 3365 506 3428 autem
544 3361 719 3444 Appianus
757 3361 997 3428 multitudinem
1036 3357 1153 3426 Cassio
1200 3362 1433 3442 congregatam

204 3464 295 3550 (adn.
315 3468 345 3553 1)
363 3468 516 3535 Cassium
540 3469 746 3552 potissimum
770 3469 810 3536 de
827 3467 992 3550 Capitolio
1016 3484 1156 3533 vocasse
1180 3465 1263 3532 dixit
1285 3465 1373 3550 (adn.
1390 3466 1433 3551 2),

206 3574 320 3640 eadem
343 3594 478 3657 prorsus
507 3577 636 3643 rationo
658 3577 767 3660 pergit
791 3575 944 3642 Cassium
973 3578 1007 3640 et
1029 3574 1171 3639 Brutum
1194 3565 1432 3658 descendissc³)
1487 3609 1489 3614 ·

207 3685 241 3746 et
269 3685 445 3765 utrumque
471 3683 654 3750 orationem
684 3683 871 3768 habuisset
906 3686 940 3749 et
968 3685 1044 3764 post
1072 3679 1256 3746 contionem
1281 3678 1433 3747 Cassium

208 3807 281 3854 oum
304 3790 372 3856 suis
395 3789 429 3855 in
454 3789 653 3873 Capitolium
676 3791 810 3858 redisse.
827 3791 850 3876 5)

278 4037 300 4108 ²)
321 4042 371 4095 121
396 4037 455 4092 ὅθεν
470 4037 498 4092 οὐ
512 4037 645 4112 δυσχερῶς
664 4039 691 4093 ἐκ
704 4039 817 4093 τοσῶνδε
836 4039 877 4092 καί
894 4034 1001 4091 τοιῶνδε
1020 4033 1120 4109 ἀνδρῶν
1139 4031 1239 4106 πλῆθός
1258 4051 1282 4086 τι
1300 4036 1352 4095 τοῖς
1371 4029 1435 4109 ἀμφί

208 4121 250 4178 τὸν
270 4125 383 4180 Κάσσιον
402 4127 429 4189 ἐς
448 4126 494 4188 τὴν
513 4127 605 4203 δηορᾶν
625 4125 702 4191 εὐθὺς
722 4128 851 4204 ἀηηηερτο.

277 4216 299 4285 ²)
336 4217 387 4271 122
416 4215 468 4270 ἐπεὶ
500 4215 528 4270 δὲ
555 4214 597 4273 καὶ
632 4217 795 4291 Δολοβέλλας
816 4216 987 4292 ..δεύτερος
1011 4213 1145 4286 ἐλοιδόρει,
1173 4209 1245 4265 τότε
1276 4211 1313 4287 δὴ
1341 4205 1383 4268 καὶ
1409 4212 1432 4269 οἱ

210 4303 399 4378 μεμισθωμένοι
417 4303 582 4382 ἀνεθάρῥονν,
602 4304 719 4369 καὶτοὺς
739 4303 803 4381 ἀμφὶ
821 4306 864 4361 τὸν
885 4305 995 4362 Κάσσιον
1015 4303 1041 4357 ἐκ
1061 4307 1105 4356 τοῦ
1125 4293 1193 4374 ἱεροῦ
1212 4301 1374 4357 κατεκάλουν.

276 4393 298 4462 ³)
317 4390 446 4464 κατῄεσαν
465 4393 492 4448 δὲ
512 4394 595 4448 αὐτῶν
615 4394 686 4470 μδνοι
705 4394 818 4458 Κάσσιός
837 4414 864 4448 τε
883 4389 925 4449 καὶ
943 4394 1057 4470 Βροῦτος
1077 4389 1090 4446 ὁ
1110 4390 1223 4463 Μᾶρκος.

278 4484 301 4553 ⁴)
319 4480 390 4536 οὐδὲν
409 4482 523 4538 ταπεινόν
543 4483 675 4558 οὐδέτερος
695 4477 769 4552 εἶπεν,
789 4483 840 4538 ἀλλ
858 4483 996 4558 ’ἀλλήλους
1015 4479 1130 4556 ἐπῂνουν.

290 4571 311 4643 ⁵)
329 4571 414 4626 τοάδε
434 4570 477 4646 μὲν
497 4564 565 4626 εἷπον
584 4571 682 4648 οἱπερὶ
700 4571 743 4628 τὸν
762 4573 873 4630 Κάσσιον
893 4617 899 4631 .
921 4619 926 4632 .
