3482 5098
830 304 1027 367 -2..

320 495 508 577 desperavit
531 493 600 560 eriri
622 512 730 578 posse,
766 497 882 578 quibus
906 495 1050 562 fontibus
1074 495 1247 580 Appianus
1271 517 1350 567 usus
1374 504 1471 581 esset,
1495 503 1538 567 vi·

319 603 453 684 deriquo
488 621 561 669 eum
596 603 764 670 contendit
797 605 883 670 hanc
916 604 1074 671 historiae
1106 623 1186 672 suae
1208 611 1337 688 partem
1362 627 1380 673 e
1403 607 1540 674 diversis

319 710 463 775 fontibus
487 710 704 792 contexuisse,
728 712 816 777 haud
840 711 907 778 scio
930 730 973 778 an
996 731 1062 777 non
1086 713 1169 779 satis
1192 713 1354 780 rationem
1389 716 1541 782 habuerit

319 815 465 899 Appiani
499 817 652 899 propriae
687 818 941 886 consuetudinis
988 819 1075 885 Nam
1097 824 1136 886 ut
1159 820 1289 886 omnino
1313 822 1540 903 antiquissimo

319 943 447 1006 quoque
481 924 571 990 fonte
604 925 766 1007 rebusque
800 925 880 1007 ipsis
915 926 1063 1008 proximo
1086 944 1166 992 usus
1190 925 1286 1012 est,1)
1320 928 1369 994 ita
1391 928 1457 995 iam
1479 949 1539 1011 pro

320 1036 410 1097 certo
443 1030 558 1097 haberi
591 1035 702 1113 potest
734 1051 807 1098 eum
830 1031 884 1099 hic
907 1052 1035 1116 quoque
1058 1038 1207 1100 secutum
1231 1053 1303 1101 esse
1327 1054 1401 1102 eum
1423 1035 1540 1118 ipsum,

320 1138 376 1220 qui
398 1136 521 1221 primus
545 1139 606 1204 has
629 1157 682 1204 res
706 1139 848 1220 scripsit,
871 1138 1023 1205 Asinium
1046 1139 1238 1206 Pollionem.

409 1243 504 1326 Quod
528 1244 667 1327 quidem,
692 1246 819 1312 collatis
842 1247 928 1312 inter
951 1265 987 1312 se
1002 1245 1149 1329 Appiani
1172 1253 1206 1314 et
1220 1248 1393 1315 Plutarchi
1415 1249 1449 1315 in
1472 1250 1543 1317 vita

322 1351 476 1419 caeseris
492 1351 746 1434 narrationibus,
769 1371 835 1417 non
858 1353 963 1419 solum
986 1352 1151 1438 Bailleul)
1174 1356 1336 1438 probavit,
1361 1357 1418 1422 sed
1442 1357 1542 1424 otiam

320 1460 437 1527 Ranke
460 1459 594 1542 propria
617 1459 657 1526 de
679 1457 826 1542 Appiani
848 1459 993 1526 fontibus
1016 1460 1170 1528 instituta
1193 1461 1430 1548 quaestione,³)
1455 1464 1539 1544 quod

321 1567 363 1633 ad
387 1571 537 1648 tempora
553 1564 707 1633 Caesaris
730 1571 870 1633 mortem
885 1567 1119 1649 praecedentia
1142 1568 1272 1650 attinet,
1288 1569 1543 1636 luculentissime

274 1701 276 1706 ’
321 1673 475 1754 ostendit,
511 1674 597 1756 quod
632 1674 674 1740 ad
709 1678 859 1757 tempora
881 1675 1077 1757 posteriora,
1111 1675 1207 1742 fidem
1235 1693 1396 1743 summam
1419 1675 1541 1762 fecit,4)

319 1786 357 1848 ut
379 1782 442 1847 hoc
465 1779 594 1863 quidem
616 1781 683 1847 iam
705 1785 843 1848 constet.
865 1779 879 1867 )

411 1887 475 1955 Sed
506 1888 656 1970 quamvis
691 1887 813 1970 optimo
848 1888 938 1955 sonte
961 1907 1041 1954 usus
1072 1889 1130 1970 sit,
1169 1894 1204 1955 et
1236 1889 1306 1972 ipse
1329 1889 1416 1956 inter
1437 1909 1545 1957 rerum

320 1997 545 2062 Romanarum
568 1995 745 2078 scriptores
768 1994 929 2080 insignem
958 1996 1106 2062 obtineat
1127 1996 1245 2079 locum,
1280 2000 1390 2063 tamen
1413 2017 1478 2063 non
1502 1998 1543 2064 ad

321 2121 481 2169 summam
504 2103 594 2169 illam
618 2104 758 2170 accessit
781 2103 993 2186 diligentiam,
1028 2107 1066 2168 ut
1089 2103 1213 2186 eodem,
1241 2123 1305 2187 quo
1329 2123 1382 2171 res
1405 2124 1543 2188 magnas

320 2210 458 2277 intuitus
495 2214 556 2292 est,
591 2210 700 2276 studio
735 2214 834 2292 atque
858 2229 969 2276 amore
992 2211 1151 2296 (prooem.
1194 2213 1247 2294 11,
1272 2213 1302 2279 b.
1328 2231 1355 2279 o.
1378 2213 1406 2278 Ι.
1432 2210 1467 2298 6)
1490 2231 1543 2280 res

321 2317 502 2384 mediocres
538 2318 725 2401 explicaret.
783 2319 888 2384 Immo
926 2337 992 2384 non
1031 2319 1136 2385 solum
1175 2322 1358 2402 temporum
1397 2320 1543 2387 ordinem

323 2425 453 2507 saepius
488 2425 641 2508 neglexit,
677 2425 735 2491 sed
764 2426 874 2506 etiam,
910 2444 994 2508 quae
1017 2425 1124 2492 fontes
1150 2426 1356 2509 exhibebant,
1380 2447 1445 2493 non
1468 2446 1544 2494 raro

322 2531 514 2598 brevissime
549 2533 724 2614 contraxit,
733 2531 759 2616 6)
795 2537 831 2598 ut
853 2532 948 2598 facile
971 2532 1079 2598 metiri
1102 2533 1226 2615 possis,
1262 2537 1420 2614 quantum
1445 2533 1544 2599 detri-

394 2707 653 2778 1)1111ο11111111111
683 2706 716 2764 R.
734 2707 766 2766 F.
784 2706 822 2774 II,
840 2723 867 2777 p.
887 2708 940 2763 344
958 2709 988 2762 11
1006 2706 1067 2776 544,
1095 2705 1248 2774 1111111111,
1268 2705 1431 2776 Weltgesch.
1460 2707 1544 2764 Ill.2

318 2814 346 2869 p.
365 2800 426 2855 214.
445 2797 491 2855 Sio
508 2795 594 2853 Niese
612 2795 716 2865 (Herm.
737 2799 779 2854 23.
798 2813 825 2868 p.
844 2799 908 2865 4131
936 2796 1065 2867 probavit
1092 2812 1156 2852 eum
1175 2795 1210 2852 de
1229 2794 1418 2853 Gracchorum
1453 2798 1545 2852 111111

320 2886 471 2944 Posidonio
489 2902 571 2942 usum
590 2902 660 2942 esse.

393 2974 740 3048 2)11111111111111111111
768 2975 797 3030 in
824 2973 889 3030 boll.
919 2973 969 3031 civ.
987 2973 1006 3030 l.
1024 2973 1110 3030 II—V
1141 2991 1207 3030 usus
1235 2974 1274 3030 sit
1300 2973 1393 3030 Asinii
1412 2973 1545 3032 Pollionis

321 3065 444 3122 historiis
463 3064 550 3136 (Gott.
572 3065 660 3134 1874).
697 3063 769 3121 Huic
789 3080 920 3128 assensus
940 3065 991 3134 est,
1011 3063 1059 3136 qui
1077 3063 1247 3120 novissimus
1274 3064 1309 3120 de
1327 3063 1404 3120 touta
1421 3063 1546 3136 Appiani

321 3154 466 3228 quaesivit,
486 3153 516 3211 G.
535 3153 606 3209 Hinc
624 3153 654 3208 iu
681 3153 878 3210 dissertatione
898 3152 1028 3210 lenensi:
1066 3153 1121 3209 Zur
1139 3153 1322 3223 Bourteilung
1339 3152 1467 3225 Appiana
1485 3153 1543 3209 und

321 3243 466 3300 Plutarohs
491 3243 509 3298 i.
529 3242 557 3300 d.
574 3241 757 3312 Darstollung
784 3243 810 3299 d.
831 3242 991 3313 llraignisse
1016 3260 1042 3299 v.
1061 3242 1089 3299 d.
1118 3243 1295 3313 Ermorduug
1324 3241 1442 3299 Caesare
1473 3242 1500 3298 b.
1519 3259 1542 3298 a.

322 3333 398 3390 'lodo
417 3333 443 3390 d.
461 3333 498 3392 Μ.
516 3331 628 3388 Brutus.
666 3330 812 3402 (0111111111
833 3332 909 3402 1891)
928 3349 955 3403 p.
975 3335 1018 3388 16.

392 3422 414 3494 ³)
435 3421 564 3494 ,Appias
581 3419 639 3476 und
658 3420 708 3477 der
724 3421 800 3477 wart
826 3421 919 3477 seiner
937 3419 1069 3488 1111111111κ
1090 3422 1110 3479 l.
1127 3420 1147 3478 l.
1167 3438 1196 3492 p.
1214 3423 1275 3478 200.
1295 3419 1477 3490 „Benutzuug
1495 3419 1545 3476 das

320 3510 435 3568 Asinius
453 3510 561 3567 Pollio“
580 3527 607 3582 p.
627 3513 679 3568 226
698 3527 760 3584 sqq.

393 3601 414 3669 ⁴)
432 3616 460 3671 p.
479 3601 539 3657 237.
559 3599 593 3656 de
611 3599 655 3656 his
673 3600 707 3656 11
727 3601 812 3657 otiam
829 3601 983 3658 Mommsen
1002 3601 1039 3670 (v.
1058 3599 1123 3672 Syb.
1136 3601 1170 3656 H.
1190 3600 1295 3658 Ztsohr.
1316 3602 1359 3657 38.
1378 3616 1405 3671 p.
1424 3599 1459 3669 7).

392 3690 414 3760 ⁸)
432 3687 465 3746 cf.
486 3687 609 3758 Sohdler,
627 3689 706 3747 Rom.
726 3687 955 3756 Quelleukuudo²
973 3706 1001 3760 p.
1021 3691 1084 3747 108:
1107 3688 1226 3758 ,Pollios
1240 3687 1407 3746 Gaschiohto
1434 3689 1472 3744 ist
1490 3704 1544 3744 von

321 3777 415 3834 Livius
447 3778 505 3835 und
523 3777 673 3836 Suetonius
691 3779 814 3848 benutzt,
841 3778 910 3849 liegt
928 3778 972 3834 boi
990 3777 1124 3834 Plutarch
1141 3778 1199 3835 und
1217 3779 1331 3850 Appiau
1349 3795 1384 3834 nu
1403 3777 1543 3835 Grunde.“

320 3866 424 3923 Paulus
444 3865 519 3938 Otto,
546 3868 595 3939 qui
613 3866 757 3924 Strabonis
776 3867 931 3938 fragmenta
955 3868 1067 3939 egregia
1096 3883 1160 3924 cunr
1187 3884 1255 3923 cura
1282 3867 1403 3937 collegit,
1431 3870 1543 3924 secutus

322 3956 494 4013 Thouretum
512 3959 541 4012 11
554 3955 733 4013 Judeichium
751 3957 880 4029 probarit
898 3957 1042 4014 Strabonis
1061 3957 1172 4028 librum,
1191 3957 1269 4013 ouius
1287 3973 1417 4026 magnam
1435 3959 1545 4027 partem

323 4063 357 4102 cx
375 4045 474 4103 Asinio
492 4045 606 4102 fluxisse
625 4048 743 4117 constat,
770 4047 895 4119 Appiani
923 4049 953 4103 11
969 4044 1113 4102 Plutarchi
1136 4045 1289 4103 narrationi
1308 4046 1423 4101 subesse
1442 4044 1546 4117 (Leipz.

322 4135 400 4191 Stud.
419 4134 466 4192 XI.
488 4137 556 4193 1889
575 4151 603 4206 p.
621 4137 696 4208 245),
725 4152 894 4208 quamquam
921 4137 951 4190 in
976 4152 1010 4191 ea
1027 4137 1124 4206 parte,
1152 4151 1224 4207 quae
1242 4151 1288 4190 res
1306 4134 1372 4191 inde
1391 4151 1408 4190 a
1426 4134 1546 4192 Caesare

322 4224 412 4280 111111
441 4229 533 4294 gestos
562 4225 694 4294 1111111111,
721 4223 824 4281 indicia
848 4226 925 4281 certa
943 4224 1018 4295 apud
1035 4227 1166 4280 neutrum
1184 4225 1309 4280 invenire
1327 4223 1419 4295 potuit
1435 4233 1472 4296 (p.
1492 4225 1544 4279 268

323 4315 443 4384 11282).

400 4403 421 4472 ⁸)
440 4402 473 4459 ot.
492 4401 597 4460 Nissen
616 4402 702 4474 ,Krit
721 4403 832 4460 Uuters.
859 4402 927 4459 iiber
954 4401 981 4458 d.
1000 4400 1117 4469 Quellen
1136 4403 1162 4460 d.
1181 4405 1207 4460 4.
1236 4419 1262 4458 u.
1282 4405 1308 4460 5.
1327 4401 1398 4459 Dek.
1426 4400 1453 4461 d.
1467 4399 1543 4458 Liv.“

322 4507 350 4562 p.
370 4492 429 4549 111.
