3482 5098
790 358 1010 422 ..12-

288 531 399 613 eitum,
429 535 463 596 et
485 530 667 597 Antonium
691 532 868 614 consulem,
905 551 946 598 ne
969 532 1089 614 populo
1114 533 1182 597 solo
1206 551 1265 614 pro
1294 537 1412 599 senatu
1435 553 1511 599 con-

288 642 408 704 vocato
432 639 517 705 male
540 639 574 704 in
596 638 687 721 ipsos
711 639 998 706 animadverteret.

378 743 450 826 Quo
467 745 501 811 in
517 750 697 812 statutum
714 751 835 828 essent,
851 747 884 812 in
899 746 1099 829 Capitolium
1115 765 1171 814 eos
1188 766 1261 814 oum
1273 747 1512 830 gladiatoribus

285 853 505 920 'contendisse

379 959 480 1026 Cuius
503 961 703 1028 narrationis
726 960 755 1026 si
778 978 940 1027 summam
955 961 1105 1043 facimus,
1127 961 1302 1044 Appianus
1326 980 1392 1027 non
1407 961 1512 1026 solum

289 1067 492 1151 singularum
526 1088 635 1144 rerum
669 1087 754 1134 nnus
782 1069 875 1134 nobis
903 1069 1095 1136 memoriam
1123 1069 1284 1150 servavit,
1320 1069 1378 1134 sed
1412 1067 1513 1133 etiam

290 1193 412 1258 magna
435 1194 508 1241 cum
532 1194 612 1242 eura
634 1194 753 1242 causas
777 1176 938 1259 exposuit,
962 1195 1064 1258 quare
1079 1177 1306 1242 interfectores
1328 1175 1362 1240 in
1379 1173 1513 1256 Capito·

290 1282 368 1347 lium
392 1301 428 1348 se
451 1283 644 1365 receperint.
685 1281 833 1364 Quocum
858 1283 886 1348 si
910 1283 1117 1366 conferimus,
1141 1301 1226 1366 quae
1241 1281 1415 1365 Appianus
1438 1279 1512 1346 aliis

292 1389 373 1455 loeis
397 1389 437 1456 de
460 1389 596 1474 singulis
620 1389 717 1456 rebus
740 1390 864 1472 attulit,
888 1408 1038 1473 quaeque
1061 1391 1148 1474 apud
1170 1390 1343 1457 Nicolaum
1367 1387 1514 1469 aliosque

294 1495 387 1562 nobis
410 1496 535 1563 tradita
558 1501 645 1578 sunt,
669 1497 752 1563 haee
774 1497 842 1563 fere
867 1498 1065 1565 efficiuntur:
1153 1551 1156 1556 .
1342 1563 1346 1571 .

380 1601 570 1669 Coniuratis
585 1603 789 1686 propositum
812 1608 886 1670 erat
901 1622 1020 1687 corpus
1044 1603 1144 1670 occisi
1161 1603 1195 1669 in
1211 1601 1355 1669 Tiberim
1370 1601 1513 1681 trahere,

289 1710 376 1777 bona
400 1710 469 1776 eius
492 1710 670 1792 publicare,
694 1716 771 1776 aeta
794 1710 990 1777 rescindere.
1008 1709 1036 1796 ¹)
1075 1709 1140 1778 Sed
1163 1710 1248 1777 forte
1271 1715 1342 1777 tum
1364 1707 1514 1774 veterani

291 1817 386 1883 multi
408 1818 535 1884 Romae
558 1818 710 1884 aderant:
746 1836 823 1884 nam
857 1837 922 1883 non
957 1818 1063 1884 solum
1098 1837 1138 1884 ex
1162 1819 1219 1898 eis,
1255 1817 1311 1901 qui
1344 1833 1458 1898 recens
1493 1832 1514 1880 a

291 1923 409 1990 militia
437 1924 561 1991 dimissi
597 1929 629 1990 et
665 1923 699 1990 in
734 1925 879 1990 colonias
915 1925 1094 1991 deducendi
1128 1929 1233 2007 erant,
1268 1931 1339 1992 tum
1373 1948 1513 2013 magnus

290 2049 445 2115 numerus
468 2051 535 2098 una
557 2032 591 2098 in
614 2031 744 2114 templis
769 2037 802 2097 et
826 2032 923 2113 areiS,
958 2032 1019 2098 sub
1042 2050 1107 2097 uno
1141 2032 1260 2098 vexillo
1295 2039 1329 2102 et
1364 2037 1424 2102 sub
1447 2056 1513 2102 uno

184 2197 188 2204 .
292 2137 373 2204 duce
390 2138 546 2222 coloniae,
572 2139 750 2204 collocatus
767 2142 849 2220 erat,
868 2136 894 2224 2)
918 2139 1102 2220 sedetiam,
1127 2138 1281 2221 qnoniam
1297 2140 1424 2210 Caesar
1439 2147 1515 2226 post

293 2245 377 2311 diem
403 2250 555 2326 quartum
579 2246 727 2312 exiturus
751 2250 823 2311 erat
846 2245 948 2330 (111),
973 2265 990 2312 e
1013 2246 1161 2313 deductis
1184 2247 1279 2313 multi
1293 2249 1434 2316 Romam
1458 2252 1514 2317 ad·

293 2356 464 2434 venerant,
487 2357 526 2419 ut
549 2352 728 2419 Caesarem
751 2358 924 2419 exeuntem
947 2359 1184 2436 prosequerent
1226 2407 1233 2420 .

381 2459 563 2526 Praeterea
574 2460 719 2542 Lepidus
731 2464 769 2525 ut
780 2459 814 2525 in
829 2460 1031 2542 provinciam
1046 2461 1153 2526 iturus
1169 2461 1254 2527 forte
1269 2466 1339 2529 tum
1355 2463 1515 2546 legionem

292 2566 326 2632 in
360 2566 468 2633 insula
496 2566 651 2633 Tiberina
679 2567 832 2647 habebat,
851 2567 875 2652 3)
905 2567 1071 2633 Antonius
1101 2572 1222 2650 autem,
1249 2569 1337 2635 inter
1360 2570 1514 2638 Caesaris

294 2673 416 2740 amicos
440 2674 658 2756 fidelissimae,
683 2674 886 2740 consulatum
910 2673 1088 2740 obtinebat.
1204 2665 1207 2670 ’

384 2779 457 2862 Quo
480 2781 514 2847 in
537 2781 723 2848 discumine
757 2780 862 2846 omnis
886 2781 975 2847 salus
999 2781 1244 2848 coniuratorum
1271 2783 1304 2849 in
1340 2803 1377 2850 eo
1406 2784 1516 2866 posita

296 2894 378 2970 erat,
403 2889 564 2971 quomodo
588 2894 723 2955 senatus
746 2888 871 2954 factum
895 2893 1089 2970 excepturus
1113 2896 1212 2956 esset.

382 2995 494 3078 Atque
518 2996 680 3062 coniurati
703 3001 919 3078 speraverant
941 2995 988 3060 illi
1011 2997 1141 3078 quidem
1163 2997 1248 3080 fore,
1272 3004 1310 3064 ut
1333 3002 1515 3080 senatores

296 3103 445 3184 quamvis
461 3103 508 3170 rei
524 3122 590 3168 non
606 3103 738 3184 conscii,
763 3103 926 3184 ardenter,
943 3103 999 3168 ubi
1014 3102 1138 3170 factum
1154 3105 1313 3187 viderent,
1336 3105 1516 3188 periculum

296 3199 369 3277 cum
392 3210 472 3293 ipsis
489 3211 767 3276 communicarent
790 3209 1071 3277 etauctoritatem
1095 3230 1188 3278 suam
1209 3218 1326 3278 contra
1341 3217 1516 3279 veteranos

296 3319 542 3400 interponerent
566 3317 675 3404 (114):
699 3317 812 3399 itaque
835 3317 980 3384 Caesare
1002 3317 1176 3384 interiecto
1200 3320 1314 3385 statim
1329 3320 1374 3386 M.
1391 3320 1516 3385 Brutus

296 3425 330 3490 in
373 3426 515 3492 medium
563 3424 684 3507 prodiit
732 3424 834 3491 verba
890 3426 1038 3491 facturus
1055 3425 1083 3510 4)
1130 3424 1344 3507 Ciceronique
1397 3430 1517 3492 vocato

297 3536 528 3615 recuperatam
550 3532 737 3612 libertatem
761 3537 812 3598 est
834 3516 1031 3616 gratulatus
1052 3532 1077 3618 5)

387 3638 451 3705 Sed
478 3643 516 3704 ut
542 3658 583 3704 ne
607 3637 722 3705 Cicero
758 3639 898 3721 quidem,
932 3637 1090 3705 nominat’
1153 3641 1349 3722 appellatus
1384 3657 1516 3705 manere

298 3747 463 3828 sustinuit,
492 3746 545 3813 ita
567 3748 670 3813 multo
693 3746 800 3812 minus
829 3746 927 3813 amici
951 3745 1104 3813 Caesaris
1132 3751 1166 3812 et
1194 3747 1310 3828 reliqui
1337 3749 1518 3827 senatores

298 3872 319 3919 a
343 3853 487 3920 Caesare
509 3854 581 3936 ipso
605 3853 728 3920 maiore
753 3859 911 3935 exparte
934 3851 1090 3934 cooptati.
1108 3852 1137 3938 6)

370 4014 393 4085 ¹)
412 4011 488 4070 Suet.
508 4011 587 4071 Caes.
605 4013 650 4069 82.

370 4103 392 4172 2)
413 4105 472 4172 120,
491 4100 525 4157 cl.
543 4101 715 4174 Marquardt,
733 4099 774 4158 st.
792 4101 823 4159 V.
842 4100 891 4170 Il²
909 4117 936 4171 p.
954 4102 1017 4156 434.
1036 4101 1061 4156 5.

372 4191 393 4262 ³)
415 4194 465 4249 118
484 4194 519 4248 et.
538 4190 592 4247 Dio
610 4195 654 4248 44.
675 4193 706 4248 19
726 4189 834 4251 Λέπιδος
854 4187 1034 4262 ἑξεστράτευτο
1053 4180 1095 4242 καὶ
1114 4187 1139 4240 ἐν
1159 4191 1195 4260 rip
1214 4183 1356 4262 προαστείῳ
1374 4188 1413 4263 ἦν..

372 4280 486 4352 ¹)P1ut.
506 4279 585 4338 Caes.
607 4283 650 4350 67,
670 4285 693 4335 1.
1406 4275 1409 4281 '

371 4373 392 4442 1)
410 4370 438 4428 ΙΙ
456 4369 528 4428 Phil.
547 4373 590 4428 28.
611 4371 664 4427 hoc
682 4370 735 4426 Dio
754 4369 900 4440 signifieat,
925 4384 989 4425 cum
1008 4368 1042 4425 de
1061 4366 1288 4424 interfectoribus
1313 4366 1389 4424 dieat
1407 4369 1460 4437 (20.
1479 4368 1521 4436 4)=

301 4459 344 4514 τὸν
363 4461 495 4534 Κικέρωνα
515 4466 629 4532 συνεχῶς
648 4459 792 4515 ἀνεκάλουν.

373 4551 394 4623 ὓ)
408 4549 465 4609 cic.
484 4549 502 4605 l.
522 4549 541 4606 l.
554 4553 593 4620 (p.
613 4553 637 4606 9.
649 4552 674 4622 2)
680 4573 687 4619 3
709 4548 742 4605 ci.
760 4549 924 4620 Mommsen,
943 4547 983 4606 St.
996 4547 1029 4605 R.
1043 4547 1091 4606 ll.³
1103 4564 1131 4619 p.
1150 4550 1201 4604 73³
1215 4551 1243 4602 et
1255 4545 1287 4605 R.
1301 4547 1334 4604 G.
1347 4545 1409 4604 111!
1423 4562 1450 4616 p.
1460 4545 1522 4601 489.
