3482 5098
732 287 930 353 ..3-

220 488 366 549 mentum
399 484 523 549 factum
558 483 611 549 sit.
656 483 775 564 Itaque
797 481 939 549 fortasse
973 501 1038 548 non
1073 479 1187 548 inutile
1222 482 1299 562 erit,
1335 482 1440 548 denuo

220 588 366 672 Appiani
388 591 611 656 narrationem
633 589 831 672 perquirere.

309 695 422 779 Atque
456 697 490 763 in
524 697 632 764 animo
668 697 798 779 quidem
832 697 912 764 milri
946 701 1029 778 erat,
1063 694 1191 779 longius
1224 694 1377 778 progredi
1406 697 1440 762 in

222 805 423 886 quaestione,
439 805 497 870 sed
513 823 576 886 quo
592 803 698 886 magis
715 804 936 871 condicionem
948 804 1086 870 fontium
1102 803 1264 886 perspexi,
1280 822 1318 869 eo
1334 803 1440 886 magis

221 910 399 993 periculum
422 911 494 992 feci,
518 911 551 977 in
574 912 638 977 hac
660 931 696 978 re
719 911 908 978 difficillima
931 912 1013 978 certi
1036 910 1158 993 aliquid
1189 910 1353 992 explorari
1375 929 1440 976 non

221 1036 328 1100 posse,
352 1017 415 1083 nisi
438 1017 586 1099 quaestio
611 1018 706 1100 quasi
727 1017 926 1100 pedetentim
948 1017 1115 1084 incederet
1135 1020 1168 1083 et
1182 1017 1236 1083 vel
1250 1017 1284 1083 in
1298 1015 1439 1084 minimis

220 1124 317 1190 rebus
352 1124 531 1191 consistere
565 1143 631 1190 non
659 1125 900 1209 dedignaretur.
947 1123 1058 1206 Quare
1093 1142 1166 1190 eam
1188 1123 1267 1190 mihi
1299 1124 1440 1206 imposui

219 1230 335 1314 legem,
368 1235 406 1296 ut
436 1231 524 1297 intra
557 1230 677 1297 limites
712 1251 764 1297 me
793 1232 993 1298 continerem
1016 1249 1115 1314 quam
1137 1230 1279 1296 maxime
1300 1230 1438 1297 eircum-

220 1338 371 1419 seriptos.
394 1337 622 1404 Proficiscenti
638 1342 749 1405 autem
766 1340 807 1406 ab
823 1339 935 1405 idibus
950 1339 1081 1404 Martiis
1097 1338 1264 1421 proximus
1280 1337 1438 1404 terminus

217 1445 385 1511 Liberalia
419 1450 506 1528 sunt,
529 1446 550 1513 i.
575 1467 603 1513 6.
628 1446 791 1513 11111111
815 1444 969 1513 Caesaris
1000 1465 1079 1512 1111
1103 1445 1186 1527 dies3
1222 1465 1286 1528 quo
1309 1445 1438 1528 quidem

217 1552 268 1619 die
283 1551 465 1619 Antonium
490 1553 654 1620 consrdem
675 1557 793 1620 senatu
810 1557 990 1620 convocato
1006 1553 1046 1619 de
1062 1552 1228 1634 republica
1243 1553 1438 1619 referentem

216 1661 319 1726 verba
341 1660 458 1726 fecisse
482 1661 522 1727 de
546 1661 731 1743 concordia,
756 1666 972 1743 senatumque
989 1658 1146 1726 Cicerone
1169 1664 1303 1726 auctore
1326 1659 1436 1726 decre-

214 1766 313 1849 visse,
347 1771 385 1833 ut
408 1767 512 1834 omnis
546 1768 704 1835 memoria
741 1768 976 1835 discordiarum
999 1766 1252 1850 praeteritarum
1276 1766 1437 1833 oblivione

216 1874 416 1957 sempiterna
450 1876 623 1957 deleretur,
659 1880 737 1942 aeta
767 1881 878 1943 autem
902 1873 1057 1941 Caesaris
1080 1873 1172 1956 pacis
1196 1874 1435 1940 1111111111-

214 2001 334 2064 masse,
358 2001 432 2049 cum
455 1982 528 2049 aliis
551 1983 747 2050 testimoniis
771 1983 1012 2065 comprobatur,
1037 1985 1107 2047 tum
1128 1981 1276 2048 hocloco
1292 1981 1434 2048 luculen-

214 2088 340 2156 tissimo
365 2089 533 2156 Ciceronis
557 2089 589 2176 (I
610 2090 696 2158 Phil.
720 2089 793 2177 31):

305 2197 385 2278 ,Tu
407 2198 453 2262 M.
476 2195 613 2279 Antoni,
629 2217 782 2264 -unum
803 2197 893 2264 illum
917 2197 1012 2277 diem,
1037 2215 1100 2278 quo
1134 2197 1168 2261 in
1191 2196 1272 2262 aede
1296 2193 1434 2260 Telluris

97 2341 98 2346 κ
215 2307 349 2369 senatus
383 2303 455 2385 fuit,
490 2323 555 2369 non
585 2304 732 2371 omnibus
755 2305 807 2371 his
829 2303 993 2370 mensibus
1017 2301 1210 2385 anteponis?
1257 2300 1350 2382 Quae
1373 2301 1435 2368 fuit

217 2410 322 2476 oratio
347 2409 386 2476 de
410 2410 598 2478 eoncordia!
636 2409 767 2493 Quanto
790 2415 881 2478 metu
895 2411 1054 2492 veterani,
1079 2413 1204 2492 quanta
1219 2407 1435 2475 sollieitudine

215 2517 332 2583 civitas
357 2521 426 2584 tum
451 2536 472 2584 a
495 2523 528 2584 te
550 2518 691 2585 liberata
714 2523 775 2600 est,
799 2537 872 2584 oum
896 2519 1054 2600 collegam
1078 2522 1170 2583 tuum
1193 2515 1350 2598 depositis
1373 2515 1432 2582 ini·

215 2624 346 2691 micitiis
368 2625 423 2691 illo
446 2624 586 2708 primum
610 2624 661 2691 die
684 2625 843 2708 collegam
859 2623 918 2690 tibi
934 2643 1007 2691 esse
1022 2622 1170 2691 voluisti!
1206 2622 1295 2687 Tuus
1311 2639 1433 2702 parvus

213 2731 298 2798 filius
332 2732 367 2797 in
391 2730 590 2815 Capitolium
613 2750 634 2797 a
657 2735 690 2797 te
713 2731 832 2798 missus
860 2732 952 2814 pacis
981 2733 1075 2797 obses
1098 2730 1175 2797 fuit:
1211 2747 1275 2811 quo
1298 2732 1433 2800 senatus

214 2837 266 2904 die
288 2839 426 2906 laetior?
450 2857 514 2922 quo
538 2839 676 2920 populus
699 2837 888 2905 Romanus?
912 2837 1113 2920 quiquidem
1128 2836 1218 2902 nulla
1232 2835 1266 2900 in
1282 2834 1433 2901 contione

213 2963 357 3027 unquam
380 2945 581 3027 frequentior
602 2944 673 3011 suit.
710 2946 793 3012 Tum
816 2944 954 3026 denique
976 2942 1107 3010 liberati
1129 2963 1188 3026 per
1209 2942 1298 3009 uiros
1322 2941 1432 3008 fortis·

214 3052 313 3118 simos
337 3052 537 3135 videbamur,
566 3051 653 3134 quia,
677 3057 715 3119 nt
736 3053 782 3120 illi
805 3053 988 3136 voluerant,
1022 3051 1207 3118 libertatem
1230 3068 1295 3132 pax
1319 3067 1431 3115 conse-

212 3160 403 3243 quebatur.“
1411 3231 1413 3235 ¹

302 3266 366 3333 Sed
400 3267 479 3334 illud
513 3267 655 3335 fortasse
689 3266 855 3349 propriam
890 3265 1055 3333 desiderat
1078 3263 1313 3348 quaestionem,
1346 3263 1432 3330 unde

211 3375 335 3441 iactum
358 3374 413 3458 sit,
447 3379 486 3441 ut
507 3374 674 3442 Antonius
710 3374 808 3442 tertio
832 3374 883 3441 die
907 3377 1058 3440 senatum
1081 3374 1279 3438 convocaret
1302 3367 1432 3435 Cicero·

210 3482 326 3564 nisque
341 3483 506 3550 sententia
521 3483 737 3566 pronuntiata
752 3481 1015 3551 interfectoribus
1033 3479 1187 3548 Caesaris
1203 3477 1431 3560 impunitatem

211 3589 417 3672 concederet3
442 3590 610 3658 videamus
627 3591 738 3674 igitur,
755 3609 818 3673 quo
834 3607 975 3657 1111111
992 3586 1104 3655 ordine
1119 3586 1224 3669 primo
1241 3589 1274 3652 et
1290 3584 1431 3651 secundo

211 3696 262 3763 die
286 3697 483 3779 exceperint.

298 3803 498 3886 Priusquam
522 3809 633 3871 autem
657 3805 699 3872 ad
721 3803 926 3888 propositum
948 3805 1098 3869 nostrum
1120 3799 1302 3880 veniamus,
1325 3815 1431 3878 pauca

211 3909 330 3976 addere
352 3909 453 3978 liceat
476 3911 515 3978 de
539 3911 698 3994 fontibus3
722 3912 839 3977 horum
862 3910 947 3976 enim
970 3910 1107 3976 duorum
1130 3907 1255 3973 dierum
1273 3904 1432 3971 memoria

210 4033 275 4081 non
291 4018 395 4084 solum
412 4019 500 4101 apud
515 4019 587 4085 illos
606 4023 769 4100 auctores,
786 4018 842 4100 qui
857 4019 1061 4098 Drumanno,
1077 4034 1150 4082 cum
1165 4015 1248 4080 haec
1263 4013 1430 4092 scriberet,

209 4122 280 4187 noti
314 4129 419 4207 erant,
456 4126 513 4192 sed
548 4126 647 4193 etiam
681 4125 715 4191 in
738 4127 922 4209 fragmento
945 4123 1074 4189 Nicolai
1107 4123 1147 4188 de
1181 4120 1252 4187 vita
1276 4118 1429 4186 Caesaris

208 4227 467 4319 11111125-27)
491 4233 584 4299 nobis
608 4237 742 4299 servata
765 4235 827 4298 est.
864 4232 899 4296 Is
923 4229 1019 4311 enim,
1043 4229 1098 4312 qui
1121 4227 1252 4312 collegii
1267 4243 1429 4309 quaeeun-

208 4355 271 4431 que
294 4338 381 4420 apud
406 4358 515 4405 rerum
538 4341 715 4422 scriptores
739 4339 779 4406 de
798 4338 962 4422 ,insidiis“
982 4337 1106 4403 tradita
1121 4339 1227 4417 erant,
1244 4354 1284 4400 ex
1300 4332 1429 4399 Nicolai

206 4442 288 4508 libro
323 4463 398 4513 curn
434 4445 510 4530 alia,
545 4451 615 4527 tum
650 4445 924 4541 conspirationem
960 4448 1076 4515 contra
1099 4441 1278 4596 0111111111
1304 4440 1429 4507 factam
