3482 5098
817 353 1038 418 ..43-

316 573 386 622 rem
410 570 483 617 oum
497 549 696 616 Antonii-re
712 543 858 614 confudit
880 545 1025 633 (omnino
1041 550 1110 612 tarn
1125 546 1234 612 brevis
1257 550 1320 628 est,
1342 549 1381 612 ut
1402 549 1538 628 excepto

313 663 377 728 hoc
409 659 494 724 loeo·
507 657 625 740 Lepidi
659 675 718 738 per
753 659 858 721 toton]
881 656 968 722 hanc
1006 654 1230 722 narrationem
1261 673 1303 720 ne
1340 648 1538 720 mentionem

278 760 281 767 ’
314 766 443 850 quidem
466 762 615 850 lecerit),
653 762 828 845 Appianus
860 765 969 828 autern
1006 762 1047 827 de
1080 760 1207 843 Lepido
1226 779 1359 828 errores
1382 758 1539 845 gravisu-

312 893 384 940 mos
408 871 571 939 commisit
593 871 639 956 (ρ.
663 868 732 955 42).

362 982 364 986 ’
403 986 532 1064 Deindt
554 995 802 1062 interfectorum
825 994 859 1061 in
883 993 1084 1077 Capitolium
1106 995 1218 1078 fugam
1240 994 1366 1076 pariter
1388 997 1537 1075 narrant,

314 1107 376 1174 nisi
398 1091 491 1189 {quod
513 1104 688 1186 Appianus
723 1122 763 1168 ex
798 1101 1032 1168 consuetudine
1068 1120 1129 1168 sua
1156 1101 1275 1168 causas
1309 1101 1406 1167 huius
1439 1101 1537 1184 fugae

203 1264 207 1274 .
314 1213 461 1294 tradidit,
485 1211 685 1277 Plutarchus
709 1228 766 1275 eas
782 1208 936 1292 neglexit.
982 1209 1108 1275 Eadem
1132 1212 1244 1275 autem
1267 1209 1307 1275 de
1329 1193 1425 1275 modo
1449 1207 1536 1275 illius

312 1322 410 1405 fugae
426 1319 481 1405 (Ι),
505 1319 545 1384 de
565 1317 714 1383 Lentulo
732 1316 870 1399 aliisque
893 1316 1087 1382 societatem
1109 1315 1194 1382 iacti·
1211 1315 1454 1382 vindicantibus
1478 1315 1537 1400 (Π)

313 1427 532 1494 tradiderunt:
568 1425 646 1507 quin
670 1424 769 1491 etiarn
794 1423 880 1505 apud
903 1426 1078 1506 utrumque
1101 1418 1216 1490 eadem
1243 1423 1284 1490 de
1307 1424 1424 1488 horum
1447 1426 1537 1488 sorte

312 1533 496 1618 praemissa
517 1537 594 1597 sunt
617 1530 707 1617 (ΠΙ).

340 1754 341 1757 ¹
401 1659 464 1724 Vel
485 1658 548 1723 hoe
570 1656 685 1722 tabula
706 1655 793 1722 inira
816 1656 941 1738 scripta
962 1655 1058 1722 facile
1083 1656 1281 1725 ostenditur:
1350 1739 1352 1744 Ι

377 1838 578 1905 Plutarchus
602 1834 699 1902 Caco.
724 1836 777 1903 67.
801 1837 832 1902 2.
1107 1837 1280 1921 Appianus
1306 1839 1380 1905 119·

314 1999 347 2060 Οἱ
378 1998 408 2058 δὲ
438 1996 500 2076 περὶ
519 1994 640 2074 Βροῦτον
662 1994 788 2076 ἐχώρουν
809 1995 845 2062 είς
865 1996 896 2055 τὸ
953 1995 986 2056 Οἱ
1006 1997 1036 2056 δὲ
1056 2000 1166 2075 σφαγεῖς
1187 2047 1194 2062 .
1218 2045 1226 2061 .

632 2091 806 2154 Καπιτώλιον
1142 2098 1145 2101 ’

342 2195 372 2276 Ι)
393 2192 640 2534 γπαρακαλοῦντες
661 2191 704 2252 ἐπὶ
717 2193 767 2271 τὴν
786 2192 896 2254 cleode—
991 2195 1052 2431 {od
1063 2193 1124 2276 ξίρη
1136 2195 1205 2275 μετὰ
1215 2195 1389 2274 τοῦαίματος
1399 2196 1536 2277 ἕχοντεςῑ)

633 2289 692 2370 ρίαν
713 2291 744 2351 τὸ
758 2291 865 2371 πλῆθος
873 2293 896 2369 ¹)

420 2391 465 2452 καὶ
495 2389 707 2470 προςδεχόμενοι
742 2389 803 2456 τοὺς
838 2389 896 2468 ἀρί-

495 2511 575 2554 στους
593 2491 649 2548 τῶν
671 2488 895 2569 ἐντυγχανόντων.

325 2589 373 2667 ΙΙ)
421 2591 484 2648 ἔνιοι
499 2587 530 2647 δὲ
547 2586 592 2647 καὶ
607 2586 794 2664 συνανέβαινον
809 2585 898 2651 αὐτοῖς
1020 2588 1148 2651 συνέθεον
1170 2589 1200 2648 δὲ
1221 2587 1310 2655 adroic
1331 2611 1399 2654 τινες

420 2685 466 2747 καὶ
485 2685 680 2764 κατεμίγνυσαν
701 2685 814 2751 ἑαυτοὺς
1018 2687 1188 2770 χρησάμενοι
1209 2686 1304 2764 ξιφίδια
1343 2701 1344 2704 ’

420 2785 459 2850 ὥς
470 2782 671 2864 μετεσχηκότες
680 2785 812 2863 τοόὲργου
831 2784 837 2860 Ι
854 2783 899 2845 καὶ
1019 2785 1047 2846 οἳ
1067 2787 1116 2846 τοῖν
1137 2787 1216 2863 ἔργου
1241 2785 1280 2864 μη
1302 2786 1500 2867 μετασχόντες)

471 2884 679 2962 προσεποιοῦντο
692 2882 741 2960 τὴν
762 2880 851 2954 δόξαν,
1092 2875 1301 2963 προςεποιοῦντο
1320 2885 1370 2963 τλγν
1392 2884 1480 2953 δόξαν.

421 2982 460 3040 ὧν
480 2979 513 3060 ἦν
535 2979 580 3042 καὶ
600 2977 622 3040 Γ
624 2979 681 3046 αἰος
698 2977 858 3046 Ὀκταούιος

383 3064 385 3070 ’
475 3079 521 3140 καὶ
540 3077 661 3166 Λέντλος
682 3077 812 3158 Σπινθήρ.
1019 3081 1139 3147 Λέντλος
1158 3103 1189 3142 τε
1210 3081 1225 3140 ὁ
1246 3079 1388 3165 Σπινθήρ,

1020 3179 1066 3242 καὶ
1086 3179 1211 3246 Φαώνιος
1231 3197 1293 3254 sqq.
1372 3173 1373 3176 ¹

314 3277 380 3356 III)
392 3275 466 3338 οὖτοι
476 3276 527 3354 μὲν
537 3273 584 3336 σόν
594 3279 643 3355 τῆς
653 3274 811 3344 ἀλαζονείας
822 3274 898 3354 δίκην
1020 3278 1048 3339 οἳ
1065 3281 1114 3359 τῆς
1134 3278 1183 3357 μὲν
1205 3277 1285 3357 δόξης
1306 3276 1337 3338 οὖ
1358 3277 1502 3360 μετέσχον,

421 3377 528 3436 ἔδωκαν
548 3373 659 3454 όστερον
680 3373 732 3434 ὑπὸ
746 3373 897 3434 Ἀντωνίου
1019 3381 1067 3456 τῆς
1091 3378 1124 3437 δὲ
1153 3375 1283 3457 τιμωρίας
1308 3379 1364 3442 τοῖς
1388 3376 1537 3457 ἁμαρτοῦσι

422 3472 468 3536 καὶ
487 3474 539 3532 τοῖν
561 3472 622 3533 νέου
636 3470 774 3552 Καίσαρος
792 3471 897 3552 ἀναιρε-
1271 3474 1427 3554 συνέτυχον.

421 3572 515 3638 θέντες
529 3570 575 3632 καί
594 3571 665 3649 μηδὲ
685 3573 734 3650 τῆς
755 3571 842 3649 δόξης,
866 3569 896 3630 δι’

421 3670 454 3747 ἢν
479 3669 664 3747 ἀπέθνησκον,
697 3667 898 3734 ἀπολαύσαντες

421 3767 527 3848 ἀπιστία
546 3771 601 3828 τῶν
622 3766 713 3829 ἄλλων
734 3785 795 3842 sqq.
802 3767 825 3846 2)

1019 2293 1064 2354 ἐπί
1081 2317 1112 2355 τε
1125 2295 1174 2373 τὴν
1189 2293 1299 2375 πότριον
1313 2295 1448 2355 πολιτείαν
1463 2317 1535 2374 παρ-

1272 2392 1387 2453 ειιοίλουν

314 4005 526 4014 .-·---—-—-

388 4127 408 4198 1)
428 4125 489 4184 Nic.
508 4127 525 4183 l.
545 4127 575 4183 l.:
594 4124 625 4180 Οἱ
643 4128 745 4200 σφαγεῖς
764 4126 868 4200 ἔφευγον
888 4123 922 4188 εἷς
941 4123 970 4179 τὸ
990 4125 1150 4182 Καπιτώλιον

536 4215 616 4290 γυμνὰ
633 4215 736 4288 ἔχοντες
754 4212 786 4270 τό
805 4209 867 4289 ξίφη

538 4302 598 4379 ὑπὲρ
617 4311 702 4377 κοινῆς
721 4303 869 4376 ἐλευθερίας
888 4307 967 4360 ταῦτα
987 4305 1097 4377 βοῶντες
1116 4302 1254 4378 εἰργάσθαι.

388 4395 410 4466 i)
437 4393 516 4452 ldem
534 4394 610 4466 apud
626 4393 747 4451 Dionem
774 4393 909 4452 traditum
927 4394 1084 4475 invenimus
1107 4396 1180 4465 (ll);
1208 4395 1283 4466 quod
1298 4393 1349 4452 ille
1371 4393 1432 4450 eine
1450 4391 1534 4449 dubie

317 4498 373 4539 non
392 4499 427 4541 ex
443 4481 542 4540 Asinio
561 4482 687 4542 Pollione
705 4482 777 4554 ipsc,
795 4483 845 4540 sed
864 4481 899 4540 ex
916 4482 994 4548 Livio
1013 4483 1140 4554 sumpsit.
