3482 5098
842 365 1063 438 ..50-

438 569 490 633 De
512 568 618 633 Bruto
642 571 752 633 autem
776 567 816 634 ei.
844 567 920 632 142:
953 576 1062 634 τοιαύτα
1087 576 1135 634 τοῦ
1154 572 1277 653 Βρούτου
1306 572 1430 650 λέγοντος
1460 573 1570 654 ἀκροώ-

349 674 427 752 μενοί
439 686 478 734 -τέ
497 676 535 733 ἔτι
555 673 653 738 πάντες
684 674 730 734 καὶ
750 673 920 751 διαλυόμενοι
945 673 1015 734 κατὰ
1035 676 1103 751 σφᾶς
1128 669 1245 752 ἐπῄνουν
1265 672 1304 738 ὥς
1324 672 1492 747 δικαιότατα,
1523 673 1571 735 καὶ

348 774 410 839 τοὺς
430 771 527 852 ἄνδρας
552 774 591 839 ὡς
611 773 837 852 ἀκαταπλήκτους
858 773 891 852 δὴ
913 772 958 834 καὶ
978 772 1095 850 μάλιστα
1118 772 1285 851 φιλοδήμους
1308 772 1337 830 ἐν
1357 771 1476 850 θαύματι
1495 771 1570 832 έποι·

348 874 436 945 odoro,
464 872 510 933 καὶ
530 870 558 938 ές
578 869 682 932 εὔνοιαν
702 871 770 950 πρὸς
790 870 887 938 αὐτούς
908 869 1089 948 μετετίθεντο.

436 969 562 1052 Quodsi
583 971 663 1037 illud
679 975 821 1052 constat,
845 990 919 1037 eum
934 970 1150 1037 Plutarchum
1172 971 1207 1037 in
1222 971 1294 1038 vita
1306 970 1473 1053 Caesaris,
1497 976 1569 1038 tum

345 1078 537 1161 Appianum
572 1077 612 1144 de
645 1078 742 1145 rebus
777 1078 851 1144 inde
880 1076 1079 1145 aansaris
1114 1097 1192 1144 nece
1227 1079 1330 1162 gestis
1364 1097 1459 1146 usum
1494 1098 1568 1145 esse

345 1186 465 1260 Asinio,
477 1186 638 1267 Pollione,
662 1205 727 1251 non
742 1186 849 1252 minus
865 1204 945 1252 sane
961 1171 1222 1253 consideratione
1238 1187 1339 1269 facta,
1363 1193 1567 1271 quantopere

345 1297 493 1377 uterque,
517 1293 658 1375 quaein
685 1294 775 1359 ionte
799 1293 950 1375 exposita
976 1297 1082 1375 erant,
1106 1294 1321 1375 contraxerit,
1349 1295 1568 1362 assentiemur

269 1477 273 1485 ¹
346 1399 484 1467 Rankeo
501 1406 577 1482 post
592 1400 694 1466 verba
709 1400 766 1466 illa
782 1399 825 1484 (p.
838 1401 893 1484 46)
911 1400 959 1466 sic
971 1401 1125 1484 pergenti·
1137 1405 1171 1466 et
1186 1401 1412 1484 quaestionem
1426 1402 1566 1468 finienti:

348 1506 977 1591 ,Mankd‘nntedeuGedankenlassen,
990 1508 1567 1592 dasverloreneWerkdesAsinius,

340 1616 405 1682 aus
424 1616 512 1682 diese
534 1614 725 1699 Grundlage
748 1618 904 1699 gestlltzt,
927 1614 1202 1699 fragmentarisch
1224 1636 1266 1682 zu
1288 1617 1565 1699 rekonstruieren,

344 1761 387 1770 -
411 1724 495 1790 doch
519 1722 665 1788 bekenne
688 1723 741 1789 ich
764 1741 859 1805 gem,
895 1723 953 1789 der
975 1722 1090 1807 Ersolg
1117 1723 1228 1790 wllrde
1255 1723 1453 1791 nweifelhaft
1480 1724 1563 1808 sein;
1668 1820 1671 1824 Ι

345 1850 384 1896 es·
404 1834 493 1896 witra
516 1830 568 1896 ein
591 1830 793 1911 periculosae
816 1830 947 1913 plenum
970 1848 1051 1911 opus
1075 1831 1198 1898 aleac.“
1316 1880 1322 1888 .
1446 1912 1448 1916 ι

433 1935 497 2003 Sed
520 1937 607 2019 quod
630 1936 853 2003 difficillimum
887 1941 940 2002 est
974 1937 1101 2003 collatis
1124 1936 1279 2020 Appiano
1316 1943 1349 2004 et
1371 1938 1560 2019 Plutarcho,

343 2045 376 2110 id
399 2044 542 2112 sortasse
569 2045 684 2111 melius
711 2045 805 2111 nobis
828 2043 996 2128 continget
1025 2045 1153 2110 collatis
1176 2045 1330 2128 Appiano
1359 2051 1393 2112 et
1414 2047 1559 2112 Nicolao.

433 2150 537 2233 Quem
561 2151 706 2235 quidem,
741 2152 827 2232 quod
851 2151 968 2217 adres
992 2170 1095 2233 usque
1124 2152 1166 2218 ad
1190 2152 1374 2218 contionem
1396 2153 1442 2243 ld.
1466 2152 1562 2218 Bruti

342 2264 455 2345 gestas
479 2260 609 2341 attinet,
634 2259 755 2341 optime
779 2278 852 2325 cum
868 2257 1022 2341 Appiano
1040 2263 1074 2324 et
1086 2258 1267 2325 Plutarcho
1289 2259 1474 2326 consentire
1497 2259 1563 2326 iam

341 2367 481 2433 vidimus
504 2368 548 2450 (p.
572 2366 626 2433 47.
652 2367 686 2448 1,
709 2366 763 2432 48.
790 2367 823 2447 1,
847 2365 901 2432 49.
928 2367 957 2432 1.
981 2364 1030 2451 2);
1065 2365 1151 2432 idem
1186 2365 1281 2432 facile
1310 2365 1494 2432 ostenditur
1522 2366 1562 2434 de

339 2474 437 2541 rebus
461 2474 733 2556 insequentibus„

335 2638 338 2643 .
428 2584 516 2649 Nam
540 2582 568 2648 si
592 2581 803 2663 conferimus,
832 2599 916 2664 quae
940 2581 1027 2663 apud
1050 2582 1223 2648 Nicolaum
1255 2585 1290 2646 et
1310 2580 1501 2663 Appianum
1521 2581 1562 2650 de

335 2707 477 2772 *corpore
502 2687 657 2755 Caesaris
681 2688 812 2754 domum
840 2691 973 2770 portato
997 2686 1121 2753 tradita
1149 2692 1241 2768 sunt,
1277 2688 1364 2769 apud
1387 2692 1562 2769 utrumque

339 2797 425 2863 inter
452 2815 488 2862 se
512 2799 720 2879 opponuntur
747 2795 926 2860 communis
955 2795 1097 2860 omnium
1122 2793 1277 2861 Caesaris
1306 2794 1485 2861 amicorum
1508 2797 1562 2864 vel

242 2892 245 2900 ’
339 2904 494 2969 comitum
517 2903 606 2986 luga,
630 2907 664 2968 et
687 2906 755 2967 tres
778 2901 866 2968 servi
888 2901 922 2965 in
945 2901 1127 2983 propinquo
1152 2907 1369 2969 remanentes

426 3011 500 3076 Hos
516 3015 627 3100 autem
642 3020 760 3101 eorpus
778 3007 932 3075 Caesaris
949 3008 1079 3074 domum
1095 3006 1272 3092 rettulisse,
1297 3011 1410 3077 eodem
1426 3030 1561 3093 prorsus

339 3118 434 3184 modo
459 3116 545 3201 apud
579 3121 754 3199 utrumque
787 3121 958 3182 narratum
982 3120 1047 3198 cst;
1084 3116 1126 3183 ad
1160 3131 1241 3198 quos
1277 3117 1395 3185 tertius
1433 3119 1561 3186 aceedit

338 3223 524 3291 Suetonius

425 3333 501 3396 Hoc
524 3351 564 3398 ex
586 3333 650 3397 hac
671 3330 785 3397 tabula
807 3330 903 3397 facile
926 3331 1113 3415 apparebit:

379 3438 538 3508 Nicolaus
562 3438 614 3504 26.
759 3437 934 3505 Suetonius
959 3437 1055 3505 Caes.
1080 3439 1133 3504 82.
1262 3440 1437 3522 Appianus
1464 3442 1538 3509 118.

334 3561 653 3640 Ὁδένεκρὸςέτιέκειτφ,
681 3561 829 3622 Exanimis
928 3562 1102 3636 aliquamdiu
1115 3563 1214 3635 iacuit,

378 3659 654 3738 μηδενδςτολμῶντος
1016 3660 1106 3720 donee

376 3757 518 3835 ὑπομένειν
1110 3805 1112 3810 .

337 3857 362 3917 οἱ
383 3856 432 3935 μέν
453 3855 503 3935 γὰρ
523 3855 655 3936 παρόντες
682 3854 895 3928 diffugientibus
1135 3899 1137 3902 -
1244 3855 1341 3916 ..ὧν
1368 3853 1478 3937 ἀθρόως
1504 3860 1559 3921 δια·

379 3952 560 4033 ἐπεφεύγεσαν
582 3999 619 4015 ..
726 3954 836 4014 ounetio
1281 3952 1422 4049 φυγόντων

336 4051 445 4115 Οἰκέταν
475 4052 505 4112 δέ
531 4053 565 4130 δὴ
584 4055 655 4132 τρεῖς
682 4058 742 4112 tres
763 4051 871 4114 servoli
1242 4055 1312 4131 τρεῖς
1325 4052 1492 4135 θεράποντες
1508 4055 1561 4134 μό·

1247 4161 1249 4167 ’
1284 4172 1323 4210 νοι
1344 4153 1516 4233 παρέμειναν,

336 4247 478 4327 ἐνθέμενοι
498 4249 594 4327 νεκρὸν
618 4248 656 4314 εἰς
683 4249 804 4310 lecticae
824 4248 991 4323 impositum
1242 4245 1270 4306 οἳ
1286 4249 1318 4336 τὸ
1332 4252 1413 4327 σῶμα
1424 4249 1452 4316 ές
1467 4251 1497 4330 τὸ
1510 4274 1559 4330 φο-

377 4349 485 4427 φορεῖον
1282 4343 1353 4437 ρεῖον
1373 4347 1514 4427 ἐνθέμενοι

335 4445 429 4506 οἴκαδε
450 4442 576 4523 ἐκόμιζον
684 4445 798 4519 domum
817 4445 992 4520 rettulerunt
1086 4476 1093 4494 ·
1150 4517 1151 4520 Ἰ
1242 4444 1396 4527 διεκόμισαν
1417 4447 1539 4526 electe)

335 4543 521 4622 αἰωρουμένας
538 4542 586 4609 τὰς
599 4547 655 4624 χεῖ·
684 4544 864 4618 dependente
885 4544 1020 4602 bracchio
1029 4542 1062 4619 ¹),
1101 4607 1104 4614 ,
1131 4581 1132 4586 1

374 4664 423 4721 rr<
444 4687 451 4702 ·
473 4659 504 4701 ··

1716 3781 1727 3863 l
