3482 5098
836 390 1058 478 „26-

415 583 660 666 800000111νί3
684 602 724 650 ea
747 603 800 650 res
828 584 926 666 plane
949 583 1119 650 diiudicari
1147 603 1212 649 non
1236 584 1351 666 possit,
1375 588 1497 662 tamen,
1523 588 1562 648 ut

335 711 394 772 pro
421 694 511 757 certo
535 690 649 757 haberi
672 695 784 774 potest
805 692 947 758 Brutum
969 691 1079 773 priore
1101 691 1172 757 loco
1197 691 1379 758 orationem
1395 689 1560 771 habuisse,

334 797 383 863 ita
405 797 476 864 veri
499 797 604 864 simile
621 804 683 882 est,
707 818 781 866 eum
797 800 903 866 solum
925 800 1070 865 locutum
1087 817 1168 864 esse.
1207 798 1283 864 Hoc
1305 797 1372 863 iam
1387 798 1560 864 Drumann

334 904 503 971 admonuit
526 903 572 989 (p.
597 903 665 990 88).

421 1013 473 1078 Ne
501 1013 564 1078 hoc
591 1011 721 1094 quidem
757 1012 849 1078 casui
877 1011 1057 1093 tribuerim,
1091 1011 1291 1094 Appianum,
1328 1030 1400 1078 cum
1428 1010 1462 1076 in
1489 1011 1560 1078 vita

332 1118 431 1185 Bruti
454 1119 496 1185 ad
512 1119 598 1185 hunc
614 1119 843 1185 celebrandum
859 1118 969 1185 omnia
992 1119 1175 1201 composita
1190 1123 1311 1200 essent,
1321 1118 1344 1203 1)
1368 1121 1559 1184 constanter

335 1224 444 1292 Cassii
472 1245 590 1292 nomen
613 1226 773 1308 posuisse,
806 1226 905 1292 Bruti
933 1230 1044 1292 autem
1065 1245 1190 1292 nomen
1218 1244 1323 1307 paene
1351 1244 1557 1292 evanescere.

421 1332 535 1415 Atque
557 1338 595 1399 ut
628 1334 694 1399 iam
719 1333 882 1400 adfinem
911 1333 1166 1415 comparationis
1197 1332 1292 1399 huius
1315 1331 1557 1414 perveniamus,

335 1459 407 1506 cum
431 1440 465 1505 in
487 1440 558 1506 vita
574 1440 673 1506 Bruti
696 1439 805 1506 verbis
828 1439 940 1506 multis
957 1440 1141 1522 expositum
1160 1445 1257 1521 esset,
1281 1439 1423 1521 reliquos
1447 1438 1556 1504 coniu-

333 1552 425 1614 ratos
451 1547 538 1613 inter
572 1567 607 1614 se
643 1547 812 1614 ordinatos
836 1546 1055 1629 descendisse,
1089 1547 1231 1613 Brutum
1266 1550 1378 1613 autem
1413 1546 1555 1612 cinctum

333 1658 522 1720 senatorum
557 1660 591 1721 et
624 1654 821 1736 optimorum
848 1654 994 1721 virorum
1022 1653 1230 1720 multitudine
1260 1654 1300 1720 de
1325 1652 1489 1734 capitolio
1513 1653 1556 1719 ad

331 1764 441 1827 rostra
479 1762 653 1828 deductum
699 1760 814 1846 essai)
860 1760 1033 1844 Appianus
1079 1761 1272 1827 comitatum
1319 1761 1410 1826 illum
1455 1759 1553 1826 Bruti

334 1868 536 1952 splendidum
559 1873 649 1936 recte
672 1869 802 1951 quidem
819 1869 938 1950 omisit,
962 1869 1020 1934 sed
1035 1868 1173 1935 multum
1190 1868 1295 1950 abest,
1319 1871 1357 1934 ut
1381 1867 1410 1933 ei
1427 1867 1559 1933 credere

333 1975 496 2058 possimus
509 1995 549 2042 ex
560 1975 824 2043 interlectoribus
837 1976 924 2041 solos
938 1973 1091 2042 Cassium
1107 1978 1141 2041 et
1152 1975 1294 2041 Brutum
1310 1972 1558 2057 descendisse.³)

421 2084 509 2150 Nam
532 2082 595 2149 etsi
618 2083 688 2149 sine
717 2083 813 2149 dubio
840 2101 905 2148 non
934 2101 1045 2148 omnes
1073 2082 1301 2148 interfectores
1329 2080 1370 2148 de
1394 2080 1558 2162 Capitolio

334 2191 581 2272 descendemmt,
605 2190 663 2256 sed
680 2190 785 2256 relicti
801 2195 907 2272 erant,
923 2189 979 2272 qui
995 2188 1195 2272 Capitolium
1211 2187 1424 2270 custodirent,
1447 2192 1558 2253 tamen

333 2299 394 2364 hos
419 2299 500 2364 dnos
523 2299 611 2364 30103
639 2298 674 2364 in
704 2297 887 2364 contionem
922 2297 1072 2379 prodisse
1106 2297 1162 2363 vix
1185 2295 1353 2378 probabile
1377 2299 1438 2362 est.
1483 2294 1558 2360 Hoc

335 2424 464 2488 quoque
486 2405 553 2471 iam
575 2405 749 2471 Drumann
773 2405 805 2489 (l.
829 2404 864 2489 1.)
888 2403 1067 2471 admonuit.

423 2513 519 2579 Haec
552 2513 667 2594 habui,
704 2531 789 2594 quae
822 2512 856 2577 in
890 2512 1079 2579 universum
1114 2511 1154 2578 de
1187 2509 1335 2592 Appiani
1368 2507 1559 2575 narratione

336 2619 592 2701 praemitterem.
640 2616 748 2699 Quam
771 2619 853 2685 satis
876 2624 915 2685 ut
937 2618 1146 2700 explicarem,
1171 2617 1234 2684 etsi
1257 2617 1403 2683 fortasse
1425 2633 1492 2681 non
1516 2614 1558 2680 ab

335 2727 424 2794 omni
446 2730 542 2808 parte
570 2726 649 2792 mihi
679 2726 826 2810 contigit,
862 2731 973 2793 tamen
1008 2725 1147 2791 adeam
1181 2729 1271 2790 recte
1306 2722 1558 2806 intellegendam

335 2833 566 2900 adminiculum
590 2834 708 2900 saltem
731 2833 811 2900 mihi
834 2832 1007 2900 videbatur
1030 2849 1119 2913 esse,
1143 2831 1172 2898 si
1195 2850 1396 2898 sumeremus
1420 2829 1460 2912 ei,
1485 2847 1558 2895 cum

336 2942 422 3008 hanc
445 2940 630 3006 contionem
654 2960 694 3006 ex
716 2939 835 3006 Asinio
858 2939 1006 3006 Pollione
1029 2939 1240 3020 describeret,
1268 2938 1364 3004 simul
1385 2935 1559 3003 Plutarchi

336 3047 440 3114 vitam
463 3047 561 3114 Bruti
584 3051 662 3114 ante
686 3046 797 3112 oculos
825 3045 937 3128 luisse,
971 3045 1006 3111 in
1033 3064 1099 3128 qua
1122 3046 1252 3128 quidem
1275 3045 1453 3112 novissime
1475 3044 1558 3110 hacc

336 3153 444 3221 contio
468 3156 565 3237 paulo
583 3154 722 3236 amplius
745 3157 883 3220 narrata
906 3141 988 3220 erat.
1027 3153 1108 3220 Inde
1124 3153 1248 3220 factum
1264 3153 1450 3234 putaverim
1474 3167 1557 3231 esse,

336 3266 375 3328 ut
388 3260 563 3344 Appianus
587 3261 653 3327 alia
676 3261 798 3344 optime
821 3260 998 3327 memoriae
1020 3261 1178 3342 traderet,
1206 3260 1273 3327 alia
1295 3258 1403 3325 studio
1428 3261 1557 3325 contra-

339 3368 466 3436 dicendi
488 3370 644 3452 vulgatae
666 3368 713 3434 illi
735 3365 822 3450 apud
857 3367 1074 3434 Plutarchum
1097 3365 1281 3434 narrationi
1315 3366 1558 3433 ultramodum

336 3480 512 3558 provectus
535 3494 689 3558 perverse
712 3475 883 3557 proferret.

427 3581 492 3651 Sed
514 3585 567 3649 vel
590 3583 638 3648 sic
660 3582 765 3649 multa
780 3586 919 3663 restant,
944 3600 1029 3664 quac
1050 3583 1132 3649 satis
1157 3581 1321 3663 explicare
1337 3577 1560 3648 diflicilhmum

264 3675 268 3684 ’
339 3693 399 3757 est.
445 3687 499 3756 Ac
521 3689 661 3772 primum
685 3689 814 3771 quidem
838 3688 878 3755 de
901 3688 1134 3756 mercennariis
1161 3688 1226 3755 11113
1249 3688 1347 3770 paulo
1371 3686 1559 3754 accuratius

337 3796 517 3864 videamus,
1063 3811 1071 3820 ’

409 4010 431 4078 ²)
452 4008 487 4065 cf.
506 4007 541 4064 de
558 4006 702 4064 Plutarchi
719 4007 887 4064 morellius
905 4024 932 4079 p.
952 4010 1000 4065 tl:
1021 4007 1085 4076 Ἰ110
1105 4005 1271 4063 diellbrder
1288 4006 1318 4062 in
1335 4004 1413 4062 ihrer
1432 4005 1560 4064 6000011-

336 4098 396 4155 heit
415 4098 469 4154 den
482 4097 685 4155 cassationem
697 4098 958 4169 gegenfibortreten,
976 4097 1120 4154 belundet
1138 4113 1168 4152 er
1181 4094 1460 4152 selbstverstdndlich
1473 4095 1559 4151 ihnen

338 4188 415 4245 allen
434 4188 511 4244 scine
530 4187 705 4260 Sympathi03
725 4205 756 4244 er
773 4191 862 4244 nennt
878 4188 921 4244 sie
939 4188 1058 4245 alsdann
1076 4186 1209 4242 meisteno
1226 4183 1251 4240 oi
1267 4179 1326 4260 περὶ
1345 4185 1484 4259 Βροῦτον,“

409 4278 430 4350 ²)
449 4275 530 4351 οἱμὲν
549 4275 626 4332 ἄλλοι
644 4275 807 4352 συνεπόμενοι
827 4295 873 4348 μετ
897 4275 1041 4351 αλλήλων,
1065 4276 1180 4348 Βροῦτον
1199 4272 1227 4329 δὲ
1246 4265 1340 4329 πολλοὶ
1358 4279 1409 4328 τῶν
1429 4273 1558 4347 ἐπιφανῶν

335 4367 495 4442 περιέποντες
519 4366 544 4420 ὲν
569 4365 638 4440 μέσῳ
665 4365 729 4421 πάνυ
752 4367 878 4442 λαμπρῶς
905 4373 1013 4441 scabros
1037 4364 1085 4420 ἀπὸ
1113 4371 1160 4438 τῆς
1184 4363 1262 4440 ἄκρας
1286 4367 1327 4420 καὶ
1345 4364 1501 4436 κατέστησαν
1521 4360 1560 4416 ἐπὶ

336 4461 388 4510 τῶν
408 4455 531 4530 ἐμβόλων.

407 4546 427 4614 ³)
445 4542 571 4618 κατῄεσαν
590 4542 618 4599 δὲ
637 4543 719 4600 αὐτῶν
739 4545 810 4619 μόνοι
831 4545 941 4608 Κάσσιός
959 4563 986 4600 τε
1005 4538 1047 4601 καὶ
1066 4544 1189 4620 Βροῦτος.
