3482 5098
797 355 1020 418 ..44-

391 547 504 630 Atque
532 551 570 613 ut
593 546 723 630 singula
745 545 841 616 huus
868 544 1069 613 narrationis
1096 563 1342 628 percurramus,
1375 543 1520 628 Lepidus

302 674 367 722 non
391 675 408 722 e
431 655 552 737 templo
568 653 707 720 Telluris
731 658 869 720 vocatus
892 653 926 719 in
949 654 1055 720 forum
1078 652 1246 720 descendit
1262 651 1521 733 contionaturuS,

302 762 360 828 sed
386 762 432 828 ibi
458 761 600 828 secundo
636 761 687 827 die
721 762 876 843 populum
911 764 1027 826 contra
1061 759 1288 826 interfectores
1321 758 1521 839 sollicitavit,
1602 813 1606 819 .

300 870 346 954 (p.
372 867 424 934 36.
449 867 482 952 2)
516 871 692 950 postquam
720 868 827 934 forum
858 886 932 933 eum
956 867 1058 950 copiis
1086 867 1154 934 suis
1179 865 1362 950 occupavit.
1409 865 1521 931 'lertio

301 980 411 1041 autem
435 975 497 1057 die,
520 975 597 1041 dum
620 973 786 1040 Antonius
811 980 962 1042 senatum
985 975 1205 1056 convocabat,
1229 975 1295 1041 iam
1317 974 1352 1039 in
1374 991 1413 1038 eo
1437 977 1520 1054 erat,

300 1086 338 1148 ut
361 1101 417 1148 eos
440 1081 607 1149 veteranis
631 1085 748 1148 auctus
771 1081 920 1173 obsidere
942 1081 1102 1164 inciperet
1125 1081 1170 1168 (p.
1194 1082 1248 1147 40.
1273 1081 1316 1165 6).

388 1191 459 1256 Nec
482 1189 628 1271 corrupti
651 1189 692 1255 ab
715 1188 980 1256 interfectoribus
1004 1189 1044 1255 de
1066 1189 1161 1271 plebe
1184 1188 1332 1255 homines
1348 1187 1520 1270 Lepidum,

300 1295 376 1363 dum
400 1301 534 1364 senatus
558 1296 752 1378 habebatur,
775 1297 809 1362 in
826 1296 980 1364 Caesaris
1004 1296 1111 1363 locum
1133 1297 1321 1379 pontificem
1342 1295 1521 1363 maximum

263 1442 266 1448 ·
301 1410 496 1470 creaverrmt
529 1405 582 1471 vel
611 1423 646 1470 se
675 1408 844 1470 creaturos
868 1423 940 1470 csse
971 1404 1207 1486 promiserunt,
1242 1404 1299 1471 sed
1321 1404 1356 1469 in
1379 1403 1519 1469 tumultu
1560 1485 1564 1495 Ι

300 1515 377 1593 post
400 1511 555 1578 Caesaris
579 1513 675 1578 funus
700 1512 804 1577 denuo
829 1516 959 1594 exorte,
983 1531 1057 1580 curn
1079 1512 1224 1595 Lepidus
1246 1510 1394 1576 Antonio
1419 1509 1520 1591 copiis

300 1619 367 1685 suis
392 1619 497 1685 denuo
521 1623 644 1685 metum
672 1619 823 1700 iniceret,
860 1619 1026 1685 Antonius
1049 1638 1123 1685 eum
1146 1637 1168 1685 a
1189 1619 1224 1686 ui
1251 1625 1285 1685 et
1307 1618 1401 1684 novis
1425 1616 1521 1683 rebus

299 1730 503 1808 retenturus,
536 1731 575 1792 ut
597 1726 697 1792 filiam
733 1743 826 1791 suam
851 1725 920 1791 eius
948 1725 1013 1792 filio
1037 1725 1225 1807 despondit,
1259 1725 1308 1791 ita
1334 1723 1521 1807 pontificem

298 1834 477 1910 maximum
513 1833 693 1899 declaravit
726 1832 760 1898 in
796 1832 966 1914 pontifices
1001 1852 1115 1900 rursus
1151 1833 1319 1915 apopulo
1354 1830 1521 1897 creatione

298 1941 504 2024 1111011111)
759 2007 763 2016 ,

252 2132 256 2142 ¹
386 2048 499 2131 Atque
522 2049 605 2114 haec
628 2047 758 2129 quidem
781 2048 821 2114 dc
837 2048 973 2132 singulis
997 2049 1094 2115 rebus
1118 2047 1301 2115 narrationi
1319 2047 1371 2112 illi
1392 2044 1520 2111 iniectis

299 2155 504 2222 admonenda
532 2159 640 2238 erant;
677 2155 763 2238 quod
798 2160 910 2222 autem
944 2155 987 2223 ad
1020 2174 1181 2222 summanr
1216 2155 1285 2221 eius
1321 2152 1520 2220 narrationis

300 2261 429 2344 attinet,
452 2262 618 2329 Antonius
635 2262 753 2330 dicitur
776 2283 797 2330 a
812 2264 1045 2330 mercennariis
1067 2263 1131 2330 illis
1146 2282 1261 2346 pacem
1276 2261 1518 2345 postulantibus

299 2369 536 2452 quodammodo
560 2375 703 2438 coactus
718 2390 802 2454 esse,
825 2376 863 2438 ut
884 2373 1110 2439 interfectores
1133 2375 1292 2438 servaret.

389 2475 536 2558 Quocum
560 2479 728 2561 convenit,
756 2479 842 2561 quod
864 2478 1039 2562 Appianus
1062 2479 1244 2561 posteriore
1268 2479 1339 2543 loco
1364 2476 1439 2561 (ΠΙ.
1465 2474 1518 2558 15)

301 2581 475 2652 Octavium
498 2604 609 2667 coram
631 2587 778 2653 Antonio
802 2587 967 2653 mentione
989 2588 1079 2653 lacta
1101 2586 1347 2654 interfectorum
1369 2584 1404 2650 in
1420 2580 1518 2663 (1101-

299 2691 413 2788 tolium
435 2693 533 2776 sugae
541 2692 564 2777 ²)
588 2695 670 2760 haec
693 2698 905 2777 quaerentem
928 2698 962 2760 ct
984 2694 1236 2776 respondentem
1258 2692 1349 2758 iecit:
1457 2737 1485 2794 '.

379 2795 490 2870 „litteo
511 2797 558 2858 οὖν
579 2799 669 2866 αὐτοῖς
689 2799 821 2880 ἀμνηστία
842 2799 938 2861 καὶτὸ
959 2798 1106 2860 ἀνεύθυνον
1126 2801 1175 2861 τοῦ
1194 2797 1290 2879 φόνου,
1310 2797 1329 2876 ἢ
1350 2801 1399 2877 τῆς
1419 2799 1519 2877 βουλῆς

299 2895 411 2956 καὶτοῦ
432 2897 521 2976 δήμου
543 2899 655 2964 οἵτινες
675 2897 846 2980 ἐφθάρατο
868 2897 910 2960 ὑπ’
932 2898 1112 2978 ἐκείνον;“3)

387 2997 461 3062 Hoc
483 2999 555 3078 loco
590 2999 666 3064 lioet
694 2999 836 3064 fortasse
863 2999 898 3064 in
919 2999 1110 3068 memoriam
1138 3015 1295 3065 revocare
1317 2995 1518 3078 Appianum,

297 3102 354 3167 ubi
376 3104 515 3186 primum
544 3089 771 3188 corruptorum
805 3105 934 3171 illorum
964 3105 1006 3172 ab
1028 3103 1293 3173 interfectoribus
1320 3103 1519 3170 mentionem

298 3208 424 3292 lecerit,
448 3212 578 3295 proprie
594 3230 878 3294 commemorasse,
902 3231 958 3278 eos
981 3231 1097 3294 pacem
1113 3211 1285 3294 clamasse,
1309 3211 1371 3276 hoc
1386 3210 1460 3277 dolo
1484 3210 1517 3275 in

370 3442 464 3513 1)Ι)10
484 3445 525 3498 14.
538 3444 581 3499 53.
601 3445 616 3498 6
636 3446 664 3499 01
678 3441 726 3511 ,R.
745 3444 815 3513 gest.
828 3443 862 3499 D.
880 3440 987 3513 Aug.²“
1006 3441 1059 3511 (ed.
1079 3442 1244 3512 Mommsen)
1262 3441 1298 3498 Il.
1318 3443 1361 3498 23.
1380 3441 1414 3498 cl.
1433 3441 1518 3498 etiarn

297 3529 459 3601 Mommsen,
478 3530 516 3588 St.
529 3531 562 3587 R.
577 3531 626 3586 ll.³
642 3547 671 3602 p.
684 3533 726 3588 31.
740 3533 765 3588 3.
802 3530 916 3588 Minime
927 3531 1014 3602 igitur
1029 3548 1063 3588 ex
1074 3530 1198 3603 Appiani
1208 3530 1369 3587 narratione
1384 3530 1517 3601 colligere

298 3619 365 3677 lieet
381 3619 519 3691 Lepidum
545 3636 627 3676 mane
648 3613 824 3677 Liberalibus
850 3620 907 3676 iam
934 3636 998 3676 oum
1015 3620 1138 3676 Antonio
1161 3619 1336 3676 consensisse
1358 3619 1517 3689 (Drumarrn

298 3724 325 3779 p.
344 3712 401 3780 bol:
429 3708 515 3764 immo
534 3711 648 3766 senatus
672 3709 800 3766 consulto
823 3709 936 3766 demum
957 3708 1031 3766 iacto
1049 3708 1172 3780 Lepidus
1195 3711 1307 3766 coactus
1331 3711 1374 3766 est
1391 3708 1516 3766 Antonio

298 3798 396 3855 cedere
412 3797 485 3870 [Dio.
503 3800 546 3855 34.
565 3800 645 3870 4-t‚
664 3798 697 3856 of.
717 3815 745 3870 p.
763 3785 816 3870 41).
925 3847 927 3851 .

369 3887 391 3954 ¹)
416 3885 500 3962 ,,”Αμα
519 3887 542 3942 δ’
566 3886 610 3942 οὐκ
634 3888 699 3963 ἦσαν
722 3888 809 3942 ἐκεῖνοι
834 3889 1038 3962 τυραννοκτόνοι,
1068 3885 1091 3942 εἰ
1108 3889 1141 3963 μὴ
1161 3887 1202 3944 καί
1220 3891 1303 3963 φονεῖς
1322 3887 1402 3963 ἦσαν·
1416 3884 1455 3942 διὸ
1475 3881 1517 3944 καὶ

299 3975 325 4038 ἐς
352 3974 381 4030 τὸ
400 3975 564 4033 Καπιτώλιον
583 3977 719 4053 συνέρυῑον
747 3976 784 4039 ὥς
812 3978 839 4040 ἐς
858 3975 924 4052 ἱερὸν
947 3975 1103 4052 ἁμαρτόντες
1131 3975 1243 4052 ἱκέταιῆ
1273 3975 1310 4040 ὥς
1334 3977 1360 4040 ἐς
1379 3976 1515 4053 ἀκρόπολιν

297 4063 411 4138 arderi!
911 4117 915 4124 ,

371 4155 393 4226 ³)
421 4154 467 4212 Sic
485 4155 631 4213 Octavium
650 4157 685 4214 de
712 4156 770 4213 fflio
788 4157 906 4214 Antonii
928 4155 1031 4215 obside
1042 4159 1073 4213 in
1092 4156 1262 4229 Capitolium
1283 4157 1369 4214 misso
1388 4157 1458 4214 haee
1475 4155 1517 4214 di·

297 4246 406 4300 centem
424 4245 491 4302 fecit
509 4246 601 4318 (paulo
619 4247 716 4318 intrat:
745 4245 820 4316 »ἀλλ’
840 4245 919 4300 ἔστων
944 4245 985 4301 καί
1002 4251 1082 4300 ταῦτα
1100 4243 1123 4300 οἱ
1146 4245 1373 4320 διεφθαρμένοι
1392 4265 1424 4300 σε
1439 4244 1514 4321 ὶβιοῖ-

298 4333 435 4389 σασθαι“
457 4377 464 4390 .
484 4377 505 4404 .,
533 4339 562 4393 01
585 4335 670 4392 simili
696 4337 778 4394 modo
806 4336 841 4393 de
870 4335 997 4392 clausula
1025 4337 1174 4408 „quoniam
1192 4352 1208 4392 0
1224 4335 1370 4406 republica
1396 4337 1450 4392 sit“
1479 4334 1515 4391 ad

297 4424 571 4482 senatusconsultum
589 4425 624 4482 de
636 4425 706 4483 actis
720 4425 848 4483 (laeseris
866 4425 937 4482 illud
950 4424 1046 4482 addita
1057 4424 1127 4482 haec
1139 4425 1207 4483 dicit
1219 4427 1308 4496 (13⁵)=
1329 4424 1513 4498 »ἐβιάσαντο

296 4513 355 4566 τόδε
375 4557 381 4570 ,
401 4556 408 4572 .
427 4511 450 4569 οἱ
466 4519 519 4568 τῶν
537 4515 751 4589 περιοωζομένιον
771 4507 857 4570 οἰκεῖοι
874 4513 1068 4588 specubusne!
