3482 5098
825 341 1022 403 -8-

404 533 593 600 Surrexisse
624 534 724 600 etiam
752 533 917 616 populum,
941 535 1028 600 nullo
1052 553 1126 600 oum
1149 533 1261 600 ordine
1287 535 1465 618 fugientem
1493 554 1534 601 ex

314 641 447 707 theatro
471 640 579 727 (ludos
603 641 689 708 3313
712 640 925 724 gladiatorios
949 660 1023 707 eum
1046 641 1131 708 forte
1154 646 1225 708 tum
1241 641 1433 726 spectasse),
1457 641 1534 724 quid
1643 698 1646 704 .
1674 709 1677 714 ,

234 779 238 788 ·
312 748 436 815 factum
460 752 558 830 esset,
583 751 672 814 certo
696 766 761 814 non
785 747 952 829 scientem,
977 749 1119 814 clamore
1135 753 1246 815 autem
1261 749 1403 832 undique
1419 753 1533 816 exorto

311 855 548 938 perturbatum.
593 857 680 922 Nam
703 855 763 921 hos
787 854 908 922 dixisse
924 859 1076 922 senatum
1092 873 1113 922 a
1127 856 1365 939 gladiatoribus
1383 855 1410 942 ¹)
1433 857 1533 922 truci-

311 962 393 1045 dari,
416 963 500 1045 11133,
524 961 669 1030 Caesare
692 963 800 1028 occiso
824 962 1003 1029 exereitum
1030 963 1073 1029 ad
1102 963 1252 1045 rapinam
1279 963 1368 1030 urbis
1397 982 1433 1029 33
1457 982 1532 1029 oon·

310 1070 461 1152 vertisse,
485 1069 567 1136 alios
591 1069 657 1136 alia
679 1069 864 1152 suspicatos
888 1088 970 1136 3333.

399 1176 519 1244 Audiri
543 1180 654 1243 autem
676 1177 758 1243 nihil
781 1177 929 1260 potuisse
953 1177 1046 1244 clari:
1070 1195 1148 1244 nam
1171 1181 1331 1244 terrorem
1355 1177 1531 1260 ancipitem

310 1302 422 1352 omnes
446 1283 657 1365 depressisse.

398 1391 494 1458 Haeo
515 1390 682 1457 Nicolaus
731 1389 942 1458 Gladiatores
966 1390 1067 1473 igitur
1090 1390 1199 1473 specie
1222 1394 1352 1457 tantum
1375 1390 1417 1456 ad
1441 1409 1533 1473 spec·

310 1499 455 1564 taculum
471 1497 691 1580 praebendum
708 1497 828 1564 armati
845 1501 949 1579 erant,
973 1517 1034 1564 333
1049 1502 1126 1580 post
1154 1497 1287 1564 caedem
1311 1518 1329 1564 e
1352 1498 1483 1564 theatro
1498 1498 1532 1563 in

309 1605 471 1688 porticum
506 1604 615 1671 curiae
650 1608 927 1686 transdoromam,
963 1604 1020 1670 sed
1055 1605 1109 1670 hio
1142 1605 1209 1672 iam
1243 1623 1264 1670 3
1297 1603 1401 1687 primo
1436 1622 1532 1671 mane

310 1712 460 1794 dispositi
495 1715 590 1778 erant
613 1729 634 1778 a
656 1713 699 1778 D.
724 1712 845 1793 Bruto,
883 1717 922 1778 ut
948 1712 1111 1795 praesidio
1141 1716 1253 1778 essent
1280 1710 1474 1793 coniuratis,
1504 1711 1532 1776 si

311 1819 383 1901 quis
407 1817 562 1885 Caesaris
586 1818 765 1884 amicorum
789 1819 819 1884 ei
842 1818 959 1884 313333
982 1819 1129 1885 auderet.
1176 1817 1398 1885 simulaverat
1421 1822 1531 1885 autem

309 1927 352 1992 D.
375 1926 511 2007 Brutus,
535 1924 683 2007 quitum
710 1924 781 2008 ipse
808 1925 901 1992 ludos
930 1925 1076 1992 editurus
1106 1943 1179 1991 esse
1213 1925 1421 2006 credebatur,
1450 1943 1486 1991 se
1514 1945 1531 1990 3

309 2051 409 2116 grege
444 2031 563 2098 aemuli
597 2032 648 2098 sui
670 2031 903 2118 gladiatorem,
940 2033 995 2115 qui
1022 2032 1125 2115 ipsius
1155 2036 1257 2114 33331,
1294 2034 1470 2113 33133333
1499 2032 1531 2097 13

308 2140 476 2206 theatrum
498 2138 659 2220 introiret,
683 2139 878 2222 intercipere
900 2137 1038 2222 331131)

396 2246 443 2312 Hi
465 2245 567 2330 igitur
593 2245 794 2329 gladiatores
824 2251 901 2312 ante
930 2246 1055 2313 curiam
1083 2245 1235 2312 collocati
1263 2250 1372 2313 erant:
1407 2246 1530 2328 113333,

308 2372 382 2419 333
408 2352 516 2419 331113
551 2354 676 2419 clamor
709 2353 824 2437 ingens
860 2358 1050 2420 senatorum
1085 2373 1102 2420 3
1138 2353 1229 2420 curta
1261 2353 1454 2436 fugientium
1489 2355 1532 2420 ad

307 2460 419 2542 populi
441 2459 475 2525 in
499 2460 629 2526 theatro
653 2460 833 2542 frequentis
858 2480 954 2527 aures
978 2461 1192 2544 pervenisset,
1216 2460 1323 2541 fuere,
1347 2461 1403 2543 331
1425 2461 1530 2543 primo

311 2571 438 2633 terrore
477 2567 724 2649 suspicarentur
761 2567 962 2651 gladiatores
1000 2567 1159 2634 seditione
1196 2566 1287 2633 13313
1324 2568 1531 2634 senatoribus

307 2673 374 2739 313
396 2673 526 2755 131333,
552 2692 625 2739 333
649 2673 705 2740 alii
729 2679 885 2756 putarent
901 2673 1046 2742 Caesare
1070 2673 1234 2740 trucidato
1258 2674 1300 2740 ab
1323 2675 1374 2740 his
1398 2675 1531 2741 caedem

308 2798 348 2846 33
370 2781 519 2863 rapinam
544 2781 667 2863 quaeri.

396 2886 461 2954 Sed
476 2887 539 2953 hoc
554 2906 620 2953 non
635 2887 741 2971 magis
758 2888 877 2969 333311,
894 2907 993 2971 3333
1010 2889 1096 2971 3331
1113 2893 1283 2955 senatores
1296 2888 1530 2955 coniurationis

306 3013 372 3060 non
396 2994 518 3060 conscii
541 3014 577 3060 33
599 3013 728 3077 333333
745 2995 887 3061 occisum
903 2995 955 3076 iri,
976 2997 1029 3062 331
1045 2996 1131 3078 3331
1155 2996 1195 3077 31,
1212 2995 1277 3078 331,
1301 3001 1339 3062 31
1354 2995 1530 3078 Antonius,

306 3101 387 3167 foris
403 3106 482 3169 ante
498 3102 623 3168 curiam
639 3102 785 3183 stabant,
811 3120 981 3168 commune
996 3103 1098 3196 totins
1115 3107 1250 3169 senatus
1266 3103 1299 3170 id
1315 3121 1388 3170 esse
1403 3103 1530 3171 1331333

306 3209 572 3292 gladiatoresque
595 3209 667 3274 illos
690 3210 811 3275 multos
841 3210 883 3276 ad
911 3210 1045 3276 333133
1069 3209 1224 3278 Caesaris
1252 3210 1431 3276 amicorum
1455 3229 1530 3275 con-

307 3316 384 3382 duct
370 3320 423 3382 tos
447 3333 520 3382 3333
542 3320 753 3398 putaverant

395 3421 520 3504 Quodsi
554 3422 729 3505 Appianus
776 3423 1012 3506 gladiatoribus
1059 3425 1189 3507 culpam
1228 3424 1338 3491 caedis
1376 3423 1529 3490 tribuisse

306 3530 397 3598 videt
397 3549 453 3612 ur,
484 3529 525 3596 ab
549 3529 600 3596 his
625 3531 690 3597 3311
675 3534 742 3596 133
771 3530 888 3598 333133
913 3531 1087 3598 33331333
1109 3550 1174 3596 333
1203 3535 1267 3598 est:
1286 3530 1422 3616 3)3313
1451 3549 1530 3598 3333

377 3709 398 3778 ¹)
418 3703 503 3779 οἱμὲν
526 3703 571 3780 γὰρ
591 3704 687 3780 ἔφασαν
705 3706 750 3780 τὴν
774 3705 913 3780 σύγκλητον
938 3704 985 3760 1πό
1004 3711 1055 3760 τῶν
1084 3693 1242 3780 3333331331
1261 3705 1434 3778 σφάττεσθαι,
1453 3697 1477 3759 οἱ
1499 3703 1526 3759 δὲ

305 3795 433 3871 Καίσαρος
452 3795 594 3869 deceperis
582 3813 640 3858 3ςτο
658 3795 704 3870 τὴν
732 3793 852 3869 στρατιὰν
878 3796 918 3870 ἐφ’
946 3793 1058 3870 ἁρπαγὴν
1078 3803 1124 3870 τῆς
1150 3794 1425 3868 πόλεωςτετράφθαι,
1454 3793 1530 3848 ἄλλοι

308 3883 335 3938 δὲ
355 3883 425 3939 ἄλλα
444 3881 587 3956 υπελᾶμβαν
590 3903 626 3941 or.

375 3973 458 4043 ’1113
476 3973 520 4030 his
538 3973 607 4030 13313
626 3974 742 4046 31333113
761 3973 795 4034 31.
820 3973 939 4042 ,Forma
961 3974 1038 4030 urbis
1060 3973 1166 4030 Romae
1188 3973 1334 4044 regionum
1358 3972 1455 4043 11111,1
1486 3973 1529 4030 31.

306 4062 423 4120 Jordan.
446 4063 544 4134 1333.
564 4065 630 4121 30-
636 4067 669 4122 31
699 4067 728 4121 et
750 4063 860 4136 Proleg.
884 4080 910 4135 p
931 4066 972 4122 22
1011 4064 1053 4120 Ex
1072 4063 1173 4136 quibus
1191 4062 1318 4134 reliqniis
1347 4065 1466 4133 apparet
1493 4062 1529 4119 ad

305 4152 447 4210 theatrum
466 4169 517 4224 per
535 4153 673 4224 porticum
692 4153 799 4210 aditum
817 4153 913 4210 131333

379 4242 401 4312 ³)
421 4240 454 4299 31.
473 4241 613 4314 1113313313,
631 4242 664 4302 R.
677 4242 710 4300 C.
725 4243 761 4300 ΙΙ.
781 4259 807 4314 p.
828 4245 870 4300 36.
889 4246 916 4299 4.
954 4241 1136 4311 ,WennBlut
1123 4244 1304 4312 tvergossen
1323 4240 1407 4311 ward,
1427 4257 1458 4298 so
1471 4257 1528 4296 nar

304 4348 334 4387 es
357 4331 589 4394 nahrscheinlioh
613 4331 663 4388 das
684 4331 764 4387 Werk
787 4348 842 4387 von
865 4329 975 4386 Dieben
999 4329 1057 4386 und
1081 4329 1264 4385 Pliinderern.
1301 4329 1433 4386 Docimus
1458 4329 1527 4384 hielt

303 4421 381 4477 scine
409 4420 590 4478 Gladiatores
616 4421 646 4476 in
668 4424 751 4491 guter
773 4419 864 4477 Zucht
890 4419 947 4475 und
974 4418 1086 4476 mdchto
1112 4418 1199 4474 ihnen
1228 4417 1310 4474 keinc
1338 4418 1526 4475 3313113133-

303 4509 512 4581 schreitungen,
531 4512 583 4567 wie
602 4511 695 4568 dieser
713 4509 916 4568 Schriitsteller
934 4509 1057 4581 3331311,
1076 4509 1187 4566 erlaubt
1204 4507 1321 4564 haben.“
