3482 5098
815 361 1036 426 ..40-

316 556 507 636 usurparet:
542 551 769 620 interfectores
792 553 893 637 igitur
909 528 1055 635 'opprimi
1078 570 1144 618 non
1166 569 1264 636 posse
1286 551 1436 636 putabat,
1459 553 1537 635 quin

315 660 386 754 ipse
408 660 522 726 consul
544 659 669 744 Lepido
692 659 827 728 inferior
848 661 952 728 fieret.

385 769 497 844 ,Haec
519 767 629 857 habui,
652 786 737 850 quae
760 767 800 835 de
823 767 957 834 oonsilio
981 767 1036 833 illo
1052 761 1246 852 proferrem:
1270 767 1431 851 quomodo
1455 786 1533 835 vero

309 876 492 958 Antonius,
515 874 603 958 quod
617 875 689 947 sibi
710 879 928 959 proposuerat
942 875 1170 942 intemeoaores
1193 893 1338 958 servare,
1362 878 1536 942 exsecutus

314 985 373 1065 sit,
397 984 485 1067 apud
507 983 680 1050 Nicolaum
702 982 834 1065 quidem
856 1001 921 1049 non
944 983 1012 1050 iam
1034 987 1203 1050 servatum
1227 987 1293 1064 cst,
1322 983 1381 1049 sed
1408 982 1536 1050 collatis

313 1090 460 1174 Appiani
483 1095 516 1157 et
539 1090 656 1156 Dionis
679 1090 875 1157 testimoniis
898 1090 994 1158 facile
1017 1090 1190 1174 colligitur.

402 1200 491 1265 Nam
512 1217 577 1264 uon
600 1198 705 1264 solum
727 1203 823 1264 nocte
850 1199 1034 1281 insequenti
1058 1198 1204 1265 ordinem
1230 1196 1443 1266 restituturus
1466 1215 1534 1264 ma-

315 1307 475 1391 gistratus
510 1305 607 1372 iussit
639 1310 852 1388 pernoctem
884 1310 991 1372 totam
1019 1306 1144 1388 passim
1170 1305 1205 1372 in
1227 1305 1444 1373 tribunalibus
1467 1304 1535 1372 suis

313 1413 517 1496 praesidere,
541 1417 578 1479 ut
600 1413 757 1496 interdiu,
779 1413 909 1496 ignibus
932 1413 1051 1495 ubique
1073 1413 1220 1497 factius)
1248 1413 1307 1480 sed
1330 1413 1430 1480 etiam
1453 1412 1535 1478 adeo

313 1521 494 1603 festinavit,
518 1525 671 1587 senatum
687 1540 879 1603 convocare,
903 1526 941 1587 ut
963 1538 1004 1588 ne
1027 1521 1092 1587 dici
1107 1519 1238 1603 quidem
1253 1518 1381 1587 initium
1402 1538 1535 1603 exspec-

314 1631 413 1710 taret,
437 1629 495 1695 sed
519 1627 634 1696 eadem
657 1627 787 1714 nocte2)
811 1629 952 1695 edictum
968 1629 1102 1696 recita1i
1117 1628 1255 1711 iuberet,
1278 1647 1342 1711 quo
1365 1632 1535 1695 senatores

314 1737 382 1803 iam
405 1741 483 1803 ante
507 1741 658 1802 exortum
681 1735 817 1823 solem³)
840 1737 1015 1804 convenire
1037 1736 1243 1804 iubebantur.

404 1843 549 1912 Coactus
577 1849 688 1911 autem
723 1848 797 1911 erat
819 1863 876 1910 eos
909 1845 944 1910 in
971 1844 1128 1926 templum
1152 1843 1325 1930 Telluris)
1352 1843 1535 1926 proximum

315 1950 425 2018 domui
447 1971 528 2019 suae
544 1971 741 2020 convocare:
766 1970 844 2018 nam
866 1951 901 2017 in
917 1952 1019 2036 foro⁵l
1043 1951 1188 2034 Lepidus
1204 1970 1263 2017 suo
1278 1952 1388 2018 Marte
1404 1950 1534 2036 egebat.

401 2058 550 2125 Antonio
575 2060 661 2125 enim
683 2064 753 2126 tam
775 2078 841 2125 non
858 2063 1014 2141 cesserat,
1038 2063 1076 2126 ut
1092 2058 1193 2141 copiis
1218 2059 1286 2125 suis
1310 2063 1344 2125 et
1366 2058 1533 2126 veteranis

314 2167 542 2234 interfectores
565 2167 600 2233 in
616 2165 780 2251 Oapitolio
803 2167 947 2232 inclusos
971 2166 1075 2233 eforo
1100 2166 1248 2233 obsidere
1270 2165 1476 2250 inciperet30)
1499 2165 1534 2230 hi

314 2277 425 2340 autem
447 2274 567 2341 litteris
589 2275 623 2340 in
646 2274 752 2340 forum
775 2274 884 2340 missis
901 2274 1118 2342 sacramentis
1141 2274 1293 2340 maximis
1308 2272 1371 2339 fide
1394 2272 1475 2339 data
1498 2291 1533 2338 se

314 2379 471 2449 Caesaris
494 2385 571 2449 acta
594 2385 743 2448 evertere
766 2383 866 2464 nolle,
901 2386 1078 2449 veteranos
1105 2399 1227 2464 pacare
1256 2380 1433 2447 studebant
1456 2380 1533 2465 (Dio

312 2490 365 2556 34.
391 2490 476 2555 1-3
500 2493 535 2556 et
555 2488 645 2572 App.
671 2489 868 2574 139-141).

275 2675 282 2686 ⁸
400 2598 489 2663 Dum
510 2597 595 2663 haec
617 2597 651 2662 in
672 2597 744 2662 foro
760 2596 893 2678 fiebant,
915 2596 1083 2665 Antonius
1106 2597 1140 2663 iu
1164 2600 1282 2663 senatu
1304 2596 1345 2662 de
1367 2595 1534 2679 republica

311 2704 456 2770 referens
479 2722 586 2788 pauca
607 2705 711 2771 verba
734 2704 774 2771 de
798 2705 972 2771 concordia
994 2704 1115 2788 fecit,⁷)
1139 2707 1315 2786 postquam
1337 2704 1408 2786 ipse
1430 2705 1532 2771 Dola·

383 2936 405 3007 ¹)
426 2936 485 2992 125.
522 2934 582 2992 Ηοο
599 2934 717 2992 Antonii
735 2938 917 3007 pracceptum
928 2933 994 2993 Piso
1010 2937 1111 3006 postes
1127 2933 1305 2992 senatoribus
1324 2935 1355 2992 in
1370 2934 1534 2993 memoriam

310 3025 463 3096 revocavit,
491 3041 546 3097 quo
568 3025 702 3096 probaret
723 3025 877 3082 Antonium
900 3042 935 3082 ex
958 3025 1068 3097 legibus
1090 3025 1182 3096 egisse
1209 3024 1271 3099 (Ill.
1296 3026 1339 3084 57.
1364 3022 1408 3079 οὐκ
1432 3025 1533 3080 ἐνοκτο·

311 3113 416 3188 φυλάκει
433 3113 480 3187 τήν
494 3113 570 3174 πόλιν
575 3115 602 3186 ;).
1191 3147 1193 3152 -

381 3203 486 3276 ²)1as.
523 3201 666 3278 διάγραμμα
684 3200 773 3265 νυκτὸς
791 3200 984 3278 ἀνεγιγνώσκετο
1006 3201 1147 3261 Ἀντωνίου
1174 3202 1221 3278 τήν
1234 3202 1327 3277 βουλήν
1350 3204 1533 3279 συγκαλοῦντος

312 3291 349 3346 ἔτι
367 3289 417 3364 πρὸ
440 3291 538 3367 ήμέρας
557 3291 584 3353 ές
602 3292 632 3345 τὸ
650 3293 698 3367 τής
716 3290 770 3364 Γής
788 3289 864 3367 ἱερόν.
883 3291 918 3351 cf.
936 3292 1098 3364 Mommsen,
1116 3291 1158 3352 St.
1175 3292 1208 3350 R.
1227 3292 1277 3351 ΙΙΙ.
1295 3309 1324 3365 p,
1341 3296 1404 3352 917.
1422 3296 1448 3353 5.

382 3383 402 3451 ³)
420 3381 583 3453 Mommsen,
601 3381 620 3438 l.
639 3381 658 3437 l.
677 3399 705 3453 p.
723 3383 785 3439 913.
804 3383 830 3439 3.

382 3473 405 3542 ⁴)
421 3471 585 3542 Mommsen,
602 3471 621 3530 Ι.
640 3472 658 3527 l.
677 3489 704 3543 p.
724 3473 784 3532 929.
806 3477 829 3530 1.

382 3561 405 3632 δ)
425 3561 455 3617 in
466 3560 602 3633 templum
614 3559 787 3618 Concordiae
799 3560 839 3617 ibi
853 3559 939 3618 situm
951 3563 1066 3618 senatus
1079 3561 1225 3620 convocari
1237 3561 1347 3621 solebat
1358 3563 1534 3634 (Mommsen,

384 3738 479 3811 ⁸)Dio
498 3740 541 3796 25.
563 3742 589 3820 1,
615 3737 755 3814 Διαιρεῖταί
772 3757 801 3793 τε
819 3739 860 3793 καέ
877 3744 1026 3815 περισπᾶται
1045 3739 1059 3796 ὁ
1077 3739 1159 3815 δήμος
1177 3737 1262 3814 αὖθις,
1279 3735 1324 3797 καί
1340 3740 1363 3796 οἱ
1381 3739 1426 3816 μέν
1444 3745 1534 3814 ταῦτα,

309 3817 334 3881 οἱ
346 3825 370 3881 δ’
383 3827 464 3883 ἐκεῖνα
476 3828 670 3904 προαιρόυμενοι
688 3826 748 3900 disp
761 3845 788 3882 τε
801 3827 852 3903 ήδη
872 3828 1019 3902 νενέμηνται
1037 3827 1079 3884 καὶ
1097 3829 1157 3904 διγή
1178 3829 1433 3906 στρατοπεδεύονται,
1450 3823 1493 3887 καὶ
1508 3828 1533 3890 ,οἱ

310 3915 354 3991 μέν
373 3913 402 3971 τδ
415 3915 581 3975 Καπιτώλιον
599 3917 840 3992 προκατειλήφασιν,
859 3915 882 3971 οἱ
893 3916 917 3971 δ’
937 3918 963 3972 ἐκ
982 3924 1029 3991 τής
1042 3917 1135 3994 ἀγορᾶς
1154 3922 1333 3994 πολιορκεῖν
1346 3916 1437 3983 αὐτοὺς
1454 3938 1536 3995 rope«

309 4005 499 4066 σκευάζονται.“
537 4009 566 4062 ct
588 4009 635 4063 28:
665 4005 824 4079 ,Κατέχεται
850 4004 880 4060 τὸ
905 4005 1065 4063 Καπιτώλιον
1092 4003 1134 4063 καὶ
1161 4009 1326 4084 πεπλήρωται
1348 4007 1393 4084 μέν
1415 4009 1432 4086 ή
1455 4008 1534 4084 ἀγορὰ

307 4099 360 4149 τῶν
383 4093 478 4167 ὅπλων,
501 4095 665 4172 πεπλήρωται
689 4094 716 4150 δὲ
735 4087 778 4150 καὶ
794 4100 863 4151 πᾶσα
880 4096 897 4169 ἡ
916 4096 990 4160 πόλις
1009 4101 1054 4153 τοῦ
1073 4097 1179 4171 addon!
1216 4098 1295 4157 Idam
1312 4099 1452 4171 significat
1469 4098 1534 4155 Plu·

307 4185 431 4255 tarchus,
451 4200 515 4242 cum
533 4185 608 4242 dicat
625 4184 695 4256 (Cio.
713 4187 776 4258 42):
794 4184 840 4249 ‘lle
859 4184 883 4239 δ’
901 4183 945 4241 οὖν
964 4185 1102 4262 ἐπέπρακτο
1121 4185 1150 4242 τὸ
1169 4185 1256 4263 ἔργον,
1274 4181 1385 4244 καὶτῶν
1405 4187 1534 4263 Καίσαρος

308 4271 390 4348 φίλων
403 4275 589 4348 συνισταμένων
604 4269 644 4330 ἐπὶ
655 4271 716 4338 τοὺς
728 4272 822 4350 ἄνδρας
836 4272 910 4338 αὖθις
923 4274 954 4350 ήν
967 4274 1034 4347 δέος,
1052 4276 1221 4350 ἐμφυλίοις
1239 4278 1394 4352 πολέμοις
1412 4284 1532 4354 περιπετῆ

216 4374 227 4400 ·
306 4358 422 4440 γενέσθαι
440 4362 486 4438 τήν
504 4364 587 4436 πόλιν,
605 4364 746 4426 Ἀντώνιος
765 4362 810 4439 μέν
829 4361 959 4418 ὑπατεύων
979 4364 1025 4440 τήν
1045 4363 1138 4440 βουλήν
1159 4368 1289 4443 συνήγαγε.

378 4454 400 4526 ⁷)
420 4453 476 4513 Cic.
496 4454 509 4511 Ι
528 4452 601 4512 Phil.
619 4456 662 4512 31.
700 4454 778 4523 Quae
796 4453 850 4511 fuit
868 4454 957 4511 oratio
977 4455 1011 4512 de
1031 4453 1199 4514 Concordia!
1218 4457 1253 4515 cl.
1270 4455 1344 4516 Plnt
1363 4457 1381 4516 l.
1400 4458 1418 4516 l.
1438 4456 1533 4532 βραχέα

306 4544 429 4621 διελέγδιγ
441 4540 498 4616 περέ
516 4540 643 4618 ὁμονοίας.
