3482 5098
701 374 831 442 -139
877 415 920 425 ..

213 596 241 623 a
269 564 371 632 ·Oum
404 567 505 650 igitur
527 567 672 649 Lepidus
707 561 750 635 ad
784 570 903 635 bellum
929 561 1118 652 instigaret,
1154 569 1286 636 Hirtius
1307 575 1418 638 autem

198 690 312 753 paoem
335 673 497 739 sinceram
520 693 593 740 oum
616 675 881 742 interfectoribus
901 669 1108 759 pangendam
1131 694 1204 742 esse
1227 667 1417 761 censeret,¹i

96 869 98 874 Ι
196 780 335 861 denique
352 798 423 846 111
438 781 621 863 defuerunt,
645 783 701 864 qui
723 789 870 849 extrema
886 783 992 848 vitare
1008 783 1139 864 vellent,
1165 789 1198 848 et
1212 784 1310 850 medii
1332 784 1419 850 inter

196 887 357 969 Lepidum
380 893 414 953 et
436 888 582 954 Hirtium
605 889 832 955 interfectores
855 890 889 954 in
905 908 1061 971 praesens
1085 910 1125 955 ex
1141 890 1226 956 urbe·
1240 887 1418 958 movendos

196 1009 268 1061 esse
291 993 503 1079 censerentfl)

285 1103 463 1170 Videamus
486 1103 567 1185 iam,
602 1104 764 1185 quomodo
787 1105 820 1169 in
848 1109 943 1171 tanto
967 1105 1205 1172 sententiarum
1233 1106 1419 1176 discrimine

196 1211 362 1276 Antonius
385 1211 499 1276 consul
521 1230 590 1276 rem
613 1211 857 1293 disceptaverit.

285 1315 367 1398 Quis
390 1322 480 1384 certo
504 1317 637 1384 definire
661 1319 755 1400 velit,
784 1337 869 1400 quae
892 1319 1058 1385 Antonius
1082 1321 1191 1387 animo
1215 1325 1417 1389 111111111-Ι

196 1426 295 1507 verit,
334 1444 407 1491 oum
442 1424 582 1490 salutem
606 1443 734 1508 eorum,
769 1425 825 1506 qui
848 1425 900 1491 die
929 1431 1007 1492 ante
1040 1426 1148 1508 ipsum
1183 1430 1311 1496 salvum
1345 1449 1418 1497 esse

196 1534 379 1613 voluerant,
402 1532 436 1598 in
460 1549 522 1597 sua
543 1536 711 1614 potestate
726 1532 870 1614 positam
894 1551 966 1598 esse
982 1532 1128 1600 videret?
1173 1536 1213 1601 Id
1235 1518 1417 1619 teneamus,

196 1659 270 1706 eum
297 1639 408 1705 Hirtio
444 1657 615 1706 assensum
649 1640 876 1706 interfectores
912 1659 1047 1707 servare
1082 1643 1225 1708 animum
1252 1644 1433 1711 induxisse·

202 1746 362 1824 (Ἀντώνιος
380 1748 416 1826 τῇ
433 1743 529 1824 Ἱρτίου
550 1746 736 1825 προσθέμενος
756 1747 852 1826 γνώμῃ
873 1747 966 1814 σώζειν
987 1745 1083 1812 αὐτοὺς
1102 1748 1202 1826 ἠξίου).

284 1846 333 1912 111
356 1851 467 1912 autem
482 1845 594 1911 Hirtio
619 1846 845 1928 assentiretur,
870 1865 943 1912 cum
957 1846 1060 1912 Hirtii
1083 1849 1325 1932 auctoritatai)
1350 1856 1419 1916 turn

196 1953 313 2035 Lepidi
335 1959 425 2019 metu
448 1953 578 2020 videtur
601 1958 782 2020 commotus
806 1973 890 2021 esse.

285 2063 336 2127 De
359 2061 488 2127 ratione
511 2061 611 2142 enim,
644 2081 728 2144 quae
751 2062 838 2128 inter
860 2062 1043 2128 Antonium
1070 2068 1103 2129 et
1126 2063 1287 2145 Lepidum
1318 2065 1418 2130 inter·

198 2169 345 2250 cesserit,
371 2172 482 2234 exstat
504 2170 567 2234 hoo
589 2169 812 2235 testimonium
836 2169 953 2235 Dionis
977 2168 1045 2256 (34.
1070 2169 1119 2253 5):

173 2352 176 2358 ,
287 2276 459 2358 Lepidum,
484 2276 592 2358 specie
616 2281 748 2358 sumpta
772 2274 927 2342 Caesaris
950 2277 1088 2359 ultione,
1112 2278 1206 2344 novis
1230 2278 1327 2344 rebus
1350 2286 1419 2346 stu·

197 2384 317 2465 duisse,
341 2368 508 2465 copiisque
531 2383 599 2449 suis
615 2383 735 2449 fretum
758 2383 915 2449 inlocum
931 2383 1000 2460 eius
1017 2384 1192 2451 succedere
1215 2390 1249 2451 et
1271 2405 1330 2468 per
1352 2387 1419 2453 vim

196 2511 306 2558 rerum
329 2491 428 2573 potiri
451 2509 487 2556 se
510 2509 607 2573 posse
624 2494 846 2572 exspectasse,
872 2495 906 2556 et
927 2491 1000 2557 ideo
1016 2492 1135 2558 bellum
1157 2491 1319 2574 incepisse
1342 2493 1419 2579 (Dio

197 2599 341 2681 loquitur
363 2599 403 2665 de
427 2598 479 2664 dic
494 2597 620 2682 tertio):
645 2598 827 2663 Antonium
843 2602 955 2663 autem
970 2599 1088 2680 Lepidi
1104 2599 1247 2666 consiliis
1268 2601 1418 2683 cognitis

198 2711 230 2772 et
253 2706 349 2773 nullis
372 2707 480 2789 ipsum
503 2706 605 2788 copiis
628 2705 841 2787 instructum,
869 2706 950 2775 nihil
973 2725 1089 2772 ausum
1113 2727 1186 2774 csse
1210 2713 1279 2773 tum
1302 2708 1418 2776 moliri.

285 2813 338 2879 111
358 2815 421 2879 hoc
440 2813 628 2878 testimonio
645 2818 794 2894 apparet,
818 2812 1000 2879 Antonium
1015 2814 1182 2896 metuisse,
1206 2833 1247 2880 ne
1262 2815 1418 2897 Lepidus,

200 2904 229 2988 si
260 2921 362 3003 copiis
391 2920 459 2987 suis
487 2920 594 2986 victor
622 2921 662 2986 de
689 2920 953 2986 intertectoribus
989 2921 1186 3004 exstitisset,
1221 2922 1418 2989 dictaturam

195 3152 376 3222 iudicaverat,
395 3167 479 3224 quem
497 3151 610 3223 quidem
628 3149 724 3207 Cicero
743 3149 842 3206 scribit
860 3150 930 3206 haec
948 3150 1119 3207 exclamasse
1144 3149 1189 3221 (ad
1207 3151 1265 3208 Att.
1284 3152 1356 3211 XIV.
1377 3158 1417 3217 1):

196 3243 275 3300 Nihil
292 3241 440 3324 perditius,
459 3240 594 3312 explicari
611 3256 672 3296 rem
689 3255 747 3296 non
758 3255 854 3311 posse:
875 3239 1003 3309 ,Etenim
1016 3241 1041 3295 si
1058 3239 1107 3296 ille
1119 3240 1170 3296 tali
1181 3241 1294 3312 ingenie
1313 3242 1419 3298 exitum
1534 3268 1537 3274 ·

197 3350 253 3389 non
276 3333 447 3404 reperiebat,
476 3329 539 3402 quis
562 3345 637 3386 nunc
659 3329 814 3400 reperiet?“
837 3330 867 3384 in
894 3344 1053 3384 sermonem
1079 3346 1110 3385 se
1138 3333 1203 3400 post
1220 3329 1286 3386 Idus
1304 3331 1420 3388 Martias

197 3424 394 3494 praeterquam
407 3419 514 3491 Lepido
532 3419 643 3475 venisse
656 3418 772 3488 nemini;
792 3417 829 3474 ad
847 3434 985 3474 summam
1003 3435 1060 3474 non
1071 3435 1154 3491 posse
1166 3420 1255 3477 istaec
1274 3421 1315 3477 sic
1333 3418 1419 3479 abire.

269 3513 290 3581 1)
309 3527 375 3567 nam
392 3509 438 3566 vel
455 3509 622 3566 internuntii
640 3507 784 3578 negotium
795 3507 944 3564 molestum
956 3509 1089 3580 sus-epu,
1107 3524 1170 3565 cum
1181 3507 1279 3566 funere
1292 3509 1419 3568 (lassaris

196 3595 270 3658 ia'cto
287 3598 481 3656 interfectores
500 3597 575 3654 domi
598 3614 629 3653 se
647 3599 743 3653 tenere
763 3597 852 3654 coacti
870 3599 979 3669 essent,
1002 3600 1030 3653 et
1047 3597 1077 3655 id
1095 3600 1238 3669 ageretur,
1260 3601 1292 3654 ut
1310 3615 1418 3656 summo

196 3690 319 3762 periculo
338 3689 525 3746 liberarentur
542 3686 612 3758 ((111.
632 3686 668 3743 ad
686 3686 750 3742 iam.
769 3685 816 3742 Xl.
837 3690 880 3758 l.).

269 3781 289 3851 ²)
309 3782 338 3836 et
355 3777 494 3850 proiecto,
522 3793 584 3833 cum
602 3778 702 3848 postea
719 3778 883 3847 appareret,
905 3791 1005 3847 paoem
1023 3792 1119 3832 veram
1137 3776 1235 3834 haberi
1253 3793 1311 3832 111
1327 3793 1419 3849 posse,

197 3869 234 3927 ad
251 3869 304 3927 hoc
322 3867 478 3925 remedium
505 3865 619 3922 interim
640 3865 844 3922 recurrebatur.
881 3864 1116 3922 1111114151
1144 3869 1196 3918 τῶν
1220 3866 1336 3939 operior
1359 3862 1418 3928 τοὺς

197 3956 242 4034 μὲν
261 3957 337 4030 ἄρξαι
354 3961 429 4011 τινῶν
449 3949 587 4028 εἰληχότας
606 3955 632 4016 ἐς
645 3953 676 4008 τὰ
694 3951 767 4026 ἔθνη,
785 3949 845 4016 τοὺς
864 3952 892 4006 δὲ
904 3949 1009 4015 λοιποὺς
1028 3952 1217 4008 11111νᾶ11111
1236 3946 1276 4008 ἐπὶ
1294 3955 1419 4028 προφάσει

196 4043 245 4102 τινὶ
262 4047 413 4121 ἐξέπεμψαν.
432 4048 461 4103 11
473 4045 570 4102 Senec.
584 4044 618 4101 de
630 4042 722 4103 benef.
733 4043 766 4100 V.
782 4047 823 4100 16.
837 4045 861 4100 6.
891 4043 1032 4099 Antonius
1044 4043 1238 4100 interfectores
1248 4043 1395 4101 Caesaris.
1409 4087 1416 4101 .

197 4139 227 4193 in
244 4137 404 4209 provincias
424 4137 453 4192 11
469 4133 588 4204 imperia
606 4132 720 4190 dimisit.
757 4130 791 4189 11
811 4131 896 4188 etiam
915 4131 972 4188 (111.
991 4130 1028 4188 ad
1045 4132 1110 4190 iam.
1128 4131 1190 4189 XII.
1210 4137 1251 4192 14.
1270 4135 1295 4190 7.

212 4221 214 4229 ⁸
269 4226 292 4295 8)
316 4225 369 4296 Ea,
398 4241 482 4297 quam
500 4220 607 4280 Hirtius
626 4221 737 4292 attulit,
764 4237 849 4278 causa
867 4221 1019 4293 significari
1041 4221 1151 4280 videtur
1178 4222 1209 4277 in
1226 4221 1280 4278 hoc
1304 4222 1365 4278 loco
1385 4239 1419 4278 ex

197 4316 275 4372 Livio
304 4317 434 4386 excerpto
462 4312 550 4384 (Flor.
576 4314 621 4371 IV.
649 4313 690 4382 l):
728 4311 835 4382 ,Igitur
862 4327 925 4368 oum
952 4316 1113 4384 appareret,
1141 4328 1214 4384 quae
1241 4314 1349 4382 strages
1376 4312 1419 4366 roi

198 4405 325 4476 publicae
343 4404 515 4473 immineret,
534 4402 678 4474 displicuit
695 4401 778 4471 ultio,
802 4417 864 4458 cum
883 4401 983 4458 caedes
1001 4401 1232 4473 improbaretur.“
1270 4401 1313 4457 lle
1331 4400 1419 4457 sltero

198 4493 258 4550 loeo
278 4510 312 4550 ex
330 4492 408 4549 Livio
427 4495 538 4563 sumpto
558 4491 591 4549 oi.
611 4509 638 4562 p.
657 4494 700 4548 37.
720 4491 744 4546 3.
