<?xml version="1.0" encoding="UTF-8"?>
<!DOCTYPE html PUBLIC "-//W3C//DTD XHTML 1.0 Transitional//EN"
    "http://www.w3.org/TR/xhtml1/DTD/xhtml1-transitional.dtd">
<html xmlns="http://www.w3.org/1999/xhtml" xml:lang="en" lang="en">
 <head>
  <title>
</title>
<meta http-equiv="Content-Type" content="text/html;charset=utf-8" />
  <meta name='ocr-system' content='tesseract 3.04.00' />
  <meta name='ocr-capabilities' content='ocr_page ocr_carea ocr_par ocr_line ocrx_word'/>
</head>
<body>
  <div class='ocr_page' id='page_1' title='image "./derebusindeacae00frgoog_0065.png"; bbox 0 0 3482 5098; ppageno 0'>
   <div class='ocr_carea' id='block_1_1' title="bbox 714 347 935 414">
    <p class='ocr_par' dir='ltr' id='par_1_1' title="bbox 714 347 935 414">
     <span class='ocr_line' id='line_1_1' title="bbox 714 347 935 414; baseline 0.009 -19"><span class='ocrx_word' id='word_1_1' title='bbox 714 347 935 414; x_wconf 77' lang='lat'>-57-</span> 
     </span>
    </p>
   </div>
   <div class='ocr_carea' id='block_1_2' title="bbox 173 539 1513 3099">
    <p class='ocr_par' dir='ltr' id='par_1_2' title="bbox 207 539 1432 948">
     <span class='ocr_line' id='line_1_2' title="bbox 298 539 1432 625; baseline 0.001 -16"><span class='ocrx_word' id='word_1_2' title='bbox 298 541 436 610; x_wconf 81' lang='lat' dir='ltr'>Callatis</span> <span class='ocrx_word' id='word_1_3' title='bbox 459 540 560 625; x_wconf 87' lang='lat' dir='ltr'>igitur</span> <span class='ocrx_word' id='word_1_4' title='bbox 582 541 669 608; x_wconf 91' lang='lat' dir='ltr'>inter</span> <span class='ocrx_word' id='word_1_5' title='bbox 691 561 727 609; x_wconf 88' lang='lat' dir='ltr'>se</span> <span class='ocrx_word' id='word_1_6' title='bbox 742 539 889 625; x_wconf 91' lang='lat' dir='ltr'>Appiani</span> <span class='ocrx_word' id='word_1_7' title='bbox 906 545 940 608; x_wconf 91' lang='lat' dir='ltr'>et</span> <span class='ocrx_word' id='word_1_8' title='bbox 954 542 1085 609; x_wconf 90' lang='lat' dir='ltr'>Nicolai</span> <span class='ocrx_word' id='word_1_9' title='bbox 1100 542 1343 610; x_wconf 87' lang='lat' dir='ltr'>narrationibus</span> <span class='ocrx_word' id='word_1_10' title='bbox 1366 563 1432 610; x_wconf 93' lang='lat' dir='ltr'>non</span> 
     </span>
     <span class='ocr_line' id='line_1_3' title="bbox 208 649 1432 735; baseline 0 -17"><span class='ocrx_word' id='word_1_11' title='bbox 208 651 366 735; x_wconf 77' lang='lat' dir='ltr'>neglectis</span> <span class='ocrx_word' id='word_1_12' title='bbox 391 649 509 716; x_wconf 89' lang='lat' dir='ltr'>ceteris</span> <span class='ocrx_word' id='word_1_13' title='bbox 532 650 730 716; x_wconf 76' lang='lat' dir='ltr'>testimoniis</span> <span class='ocrx_word' id='word_1_14' title='bbox 751 650 815 716; x_wconf 91' lang='lat' dir='ltr'>hoc</span> <span class='ocrx_word' id='word_1_15' title='bbox 842 650 910 716; x_wconf 91' lang='lat' dir='ltr'>fere</span> <span class='ocrx_word' id='word_1_16' title='bbox 939 649 1051 716; x_wconf 90' lang='lat' dir='ltr'>ordine</span> <span class='ocrx_word' id='word_1_17' title='bbox 1075 650 1154 716; x_wconf 90' lang='lat' dir='ltr'>mihi</span> <span class='ocrx_word' id='word_1_18' title='bbox 1183 669 1256 717; x_wconf 90' lang='lat' dir='ltr'>sese</span> <span class='ocrx_word' id='word_1_19' title='bbox 1278 651 1432 718; x_wconf 83' lang='lat' dir='ltr'>videntur</span> 
     </span>
     <span class='ocr_line' id='line_1_4' title="bbox 207 755 1430 840; baseline 0.002 -16"><span class='ocrx_word' id='word_1_20' title='bbox 207 777 260 826; x_wconf 90' lang='lat' dir='ltr'>res</span> <span class='ocrx_word' id='word_1_21' title='bbox 276 757 389 824; x_wconf 82' lang='lat' dir='ltr'>idibus</span> <span class='ocrx_word' id='word_1_22' title='bbox 404 757 534 824; x_wconf 85' lang='lat' dir='ltr'>Martiis</span> <span class='ocrx_word' id='word_1_23' title='bbox 559 761 593 824; x_wconf 89' lang='lat' dir='ltr'>et</span> <span class='ocrx_word' id='word_1_24' title='bbox 616 757 773 840; x_wconf 79' lang='lat' dir='ltr'>postridie</span> <span class='ocrx_word' id='word_1_25' title='bbox 796 762 912 840; x_wconf 82' lang='lat' dir='ltr'>gestae</span> <span class='ocrx_word' id='word_1_26' title='bbox 934 758 968 823; x_wconf 91' lang='lat' dir='ltr'>in</span> <span class='ocrx_word' id='word_1_27' title='bbox 984 755 1093 823; x_wconf 85' lang='lat' dir='ltr'>Asinii</span> <span class='ocrx_word' id='word_1_28' title='bbox 1108 756 1266 825; x_wconf 91' lang='lat' dir='ltr'>Pollionis</span> <span class='ocrx_word' id='word_1_29' title='bbox 1282 759 1430 828; x_wconf 87' lang='lat' dir='ltr'>historiis</span> 
     </span>
     <span class='ocr_line' id='line_1_5' title="bbox 210 865 433 948; baseline -0.004 -17"><span class='ocrx_word' id='word_1_30' title='bbox 210 865 394 948; x_wconf 82' lang='lat' dir='ltr'>excepisse:</span> <span class='ocrx_word' id='word_1_31' title='bbox 432 885 433 889; x_wconf 44' lang='lat'>¹</span> 
     </span>
    </p>

    <p class='ocr_par' dir='ltr' id='par_1_3' title="bbox 208 969 1429 1148">
     <span class='ocr_line' id='line_1_6' title="bbox 296 969 1429 1058; baseline 0.002 -20"><span class='ocrx_word' id='word_1_32' title='bbox 296 970 421 1053; x_wconf 76' lang='lat' dir='ltr'>Quinta</span> <span class='ocrx_word' id='word_1_33' title='bbox 442 973 511 1039; x_wconf 89' lang='lat' dir='ltr'>fere</span> <span class='ocrx_word' id='word_1_34' title='bbox 533 969 650 1058; x_wconf 85' lang='lat' dir='ltr'>hora1)</span> <span class='ocrx_word' id='word_1_35' title='bbox 681 991 754 1038; x_wconf 91' lang='lat' dir='ltr'>cum</span> <span class='ocrx_word' id='word_1_36' title='bbox 778 972 904 1040; x_wconf 87' lang='lat' dir='ltr'>Caesar</span> <span class='ocrx_word' id='word_1_37' title='bbox 927 971 1022 1038; x_wconf 92' lang='lat' dir='ltr'>domo</span> <span class='ocrx_word' id='word_1_38' title='bbox 1046 992 1240 1056; x_wconf 86' lang='lat' dir='ltr'>progressus</span> <span class='ocrx_word' id='word_1_39' title='bbox 1265 978 1368 1056; x_wconf 78' lang='lat' dir='ltr'>esset,</span> <span class='ocrx_word' id='word_1_40' title='bbox 1396 975 1429 1040; x_wconf 91' lang='lat' dir='ltr'>in</span> 
     </span>
     <span class='ocr_line' id='line_1_7' title="bbox 208 1079 533 1148; baseline 0.003 -3"><span class='ocrx_word' id='word_1_41' title='bbox 208 1079 299 1146; x_wconf 89' lang='lat' dir='ltr'>curia</span> <span class='ocrx_word' id='word_1_42' title='bbox 322 1079 449 1146; x_wconf 86' lang='lat' dir='ltr'>occisus</span> <span class='ocrx_word' id='word_1_43' title='bbox 473 1085 533 1148; x_wconf 88' lang='lat' dir='ltr'>est.</span> 
     </span>
    </p>

    <p class='ocr_par' dir='ltr' id='par_1_4' title="bbox 204 1186 1429 1593">
     <span class='ocr_line' id='line_1_8' title="bbox 296 1186 1429 1272; baseline 0 -18"><span class='ocrx_word' id='word_1_44' title='bbox 296 1186 368 1271; x_wconf 74' lang='lat' dir='ltr'>Quo</span> <span class='ocrx_word' id='word_1_45' title='bbox 384 1188 473 1254; x_wconf 91' lang='lat' dir='ltr'>facto</span> <span class='ocrx_word' id='word_1_46' title='bbox 490 1191 625 1254; x_wconf 87' lang='lat' dir='ltr'>senatus</span> <span class='ocrx_word' id='word_1_47' title='bbox 642 1187 778 1270; x_wconf 77' lang='lat' dir='ltr'>e&#39;curia,</span> <span class='ocrx_word' id='word_1_48' title='bbox 802 1188 940 1271; x_wconf 89' lang='lat' dir='ltr'>populus</span> <span class='ocrx_word' id='word_1_49' title='bbox 957 1207 975 1253; x_wconf 97' lang='lat' dir='ltr'>e</span> <span class='ocrx_word' id='word_1_50' title='bbox 991 1189 1122 1255; x_wconf 91' lang='lat' dir='ltr'>theatro</span> <span class='ocrx_word' id='word_1_51' title='bbox 1138 1188 1232 1272; x_wconf 86' lang='lat' dir='ltr'>fugit.</span> <span class='ocrx_word' id='word_1_52' title='bbox 1263 1188 1429 1256; x_wconf 87' lang='lat' dir='ltr'>Antonius</span> 
     </span>
     <span class='ocr_line' id='line_1_9' title="bbox 209 1295 1428 1381; baseline 0.002 -21"><span class='ocrx_word' id='word_1_53' title='bbox 209 1298 330 1376; x_wconf 83' lang='lat' dir='ltr'>autem,</span> <span class='ocrx_word' id='word_1_54' title='bbox 355 1295 411 1377; x_wconf 91' lang='lat' dir='ltr'>qui</span> <span class='ocrx_word' id='word_1_55' title='bbox 434 1295 563 1377; x_wconf 91' lang='lat' dir='ltr'>quidem</span> <span class='ocrx_word' id='word_1_56' title='bbox 587 1298 665 1361; x_wconf 89' lang='lat' dir='ltr'>ante</span> <span class='ocrx_word' id='word_1_57' title='bbox 681 1295 805 1361; x_wconf 87' lang='lat' dir='ltr'>curiam</span> <span class='ocrx_word' id='word_1_58' title='bbox 822 1298 973 1376; x_wconf 77' lang='lat' dir='ltr'>steterat,</span> <span class='ocrx_word' id='word_1_59' title='bbox 998 1301 1032 1360; x_wconf 90' lang='lat' dir='ltr'>et</span> <span class='ocrx_word' id='word_1_60' title='bbox 1047 1295 1218 1381; x_wconf 82' lang='lat' dir='ltr'>ipsefugit</span> <span class='ocrx_word' id='word_1_61' title='bbox 1233 1295 1428 1378; x_wconf 91' lang='lat' dir='ltr'>domumque</span> 
     </span>
     <span class='ocr_line' id='line_1_10' title="bbox 207 1401 1428 1492; baseline 0 -24"><span class='ocrx_word' id='word_1_62' title='bbox 207 1421 301 1468; x_wconf 93' lang='lat' dir='ltr'>suam</span> <span class='ocrx_word' id='word_1_63' title='bbox 335 1401 490 1484; x_wconf 82' lang='lat' dir='ltr'>munivit,</span> <span class='ocrx_word' id='word_1_64' title='bbox 525 1401 670 1484; x_wconf 77' lang='lat' dir='ltr'>Lepidus</span> <span class='ocrx_word' id='word_1_65' title='bbox 706 1405 817 1469; x_wconf 90' lang='lat' dir='ltr'>autem</span> <span class='ocrx_word' id='word_1_66' title='bbox 850 1402 884 1468; x_wconf 93' lang='lat' dir='ltr'>in</span> <span class='ocrx_word' id='word_1_67' title='bbox 921 1401 1029 1468; x_wconf 89' lang='lat' dir='ltr'>insula</span> <span class='ocrx_word' id='word_1_68' title='bbox 1053 1403 1220 1492; x_wconf 69' lang='lat' dir='ltr'>Tiberina,</span> <span class='ocrx_word' id='word_1_69' title='bbox 1254 1403 1309 1468; x_wconf 90' lang='lat' dir='ltr'>ubi</span> <span class='ocrx_word' id='word_1_70' title='bbox 1343 1405 1428 1469; x_wconf 90' lang='lat' dir='ltr'>forte</span> 
     </span>
     <span class='ocr_line' id='line_1_11' title="bbox 204 1508 1108 1593; baseline -0.001 -18"><span class='ocrx_word' id='word_1_71' title='bbox 204 1509 365 1592; x_wconf 86' lang='lat' dir='ltr'>legionem</span> <span class='ocrx_word' id='word_1_72' title='bbox 389 1528 502 1575; x_wconf 89' lang='lat' dir='ltr'>recens</span> <span class='ocrx_word' id='word_1_73' title='bbox 526 1509 746 1592; x_wconf 90' lang='lat' dir='ltr'>conscriptam</span> <span class='ocrx_word' id='word_1_74' title='bbox 769 1509 923 1590; x_wconf 80' lang='lat' dir='ltr'>habebat,</span> <span class='ocrx_word' id='word_1_75' title='bbox 947 1509 1072 1575; x_wconf 88' lang='lat' dir='ltr'>aberat.</span> <span class='ocrx_word' id='word_1_76' title='bbox 1083 1508 1108 1593; x_wconf 69' lang='grc'>2)</span> 
     </span>
    </p>

    <p class='ocr_par' dir='ltr' id='par_1_5' title="bbox 192 1617 1431 2026">
     <span class='ocr_line' id='line_1_12' title="bbox 293 1617 1428 1686; baseline 0.003 -3"><span class='ocrx_word' id='word_1_77' title='bbox 293 1617 526 1683; x_wconf 85' lang='lat' dir='ltr'>Interfectores</span> <span class='ocrx_word' id='word_1_78' title='bbox 562 1620 673 1683; x_wconf 90' lang='lat' dir='ltr'>autem</span> <span class='ocrx_word' id='word_1_79' title='bbox 707 1621 796 1683; x_wconf 90' lang='lat' dir='ltr'>metu</span> <span class='ocrx_word' id='word_1_80' title='bbox 819 1622 1051 1684; x_wconf 88' lang='lat' dir='ltr'>veteranorum</span> <span class='ocrx_word' id='word_1_81' title='bbox 1085 1617 1119 1682; x_wconf 93' lang='lat' dir='ltr'>in</span> <span class='ocrx_word' id='word_1_82' title='bbox 1142 1618 1222 1684; x_wconf 89' lang='lat' dir='ltr'>urbe</span> <span class='ocrx_word' id='word_1_83' title='bbox 1250 1618 1335 1683; x_wconf 90' lang='lat' dir='ltr'>forte</span> <span class='ocrx_word' id='word_1_84' title='bbox 1359 1621 1428 1686; x_wconf 92' lang='lat' dir='ltr'>tum</span> 
     </span>
     <span class='ocr_line' id='line_1_13' title="bbox 206 1723 1427 1808; baseline -0.001 -16"><span class='ocrx_word' id='word_1_85' title='bbox 206 1725 408 1792; x_wconf 86' lang='lat' dir='ltr'>versantium</span> <span class='ocrx_word' id='word_1_86' title='bbox 432 1745 491 1808; x_wconf 93' lang='lat' dir='ltr'>per</span> <span class='ocrx_word' id='word_1_87' title='bbox 512 1725 618 1790; x_wconf 90' lang='lat' dir='ltr'>forum</span> <span class='ocrx_word' id='word_1_88' title='bbox 641 1724 675 1788; x_wconf 93' lang='lat' dir='ltr'>in</span> <span class='ocrx_word' id='word_1_89' title='bbox 692 1723 891 1808; x_wconf 78' lang='lat' dir='ltr'>Capitolium</span> <span class='ocrx_word' id='word_1_90' title='bbox 906 1725 1106 1808; x_wconf 85' lang='lat' dir='ltr'>fugerunt;³)</span> <span class='ocrx_word' id='word_1_91' title='bbox 1130 1725 1205 1792; x_wconf 91' lang='lat' dir='ltr'>inde</span> <span class='ocrx_word' id='word_1_92' title='bbox 1221 1725 1345 1791; x_wconf 89' lang='lat' dir='ltr'>factum</span> <span class='ocrx_word' id='word_1_93' title='bbox 1366 1730 1427 1807; x_wconf 85' lang='lat' dir='ltr'>est,</span> 
     </span>
     <span class='ocr_line' id='line_1_14' title="bbox 206 1831 1431 1917; baseline 0 -19"><span class='ocrx_word' id='word_1_94' title='bbox 206 1837 243 1898; x_wconf 95' lang='lat' dir='ltr'>ut</span> <span class='ocrx_word' id='word_1_95' title='bbox 271 1851 390 1917; x_wconf 88' lang='lat' dir='ltr'>eorpus</span> <span class='ocrx_word' id='word_1_96' title='bbox 419 1831 574 1899; x_wconf 88' lang='lat' dir='ltr'>Caesaris</span> <span class='ocrx_word' id='word_1_97' title='bbox 610 1851 669 1913; x_wconf 91' lang='lat' dir='ltr'>per</span> <span class='ocrx_word' id='word_1_98' title='bbox 702 1833 808 1898; x_wconf 90' lang='lat' dir='ltr'>forum</span> <span class='ocrx_word' id='word_1_99' title='bbox 843 1832 974 1898; x_wconf 90' lang='lat' dir='ltr'>domum</span> <span class='ocrx_word' id='word_1_100' title='bbox 1009 1832 1170 1915; x_wconf 84' lang='lat' dir='ltr'>ferretur,</span> <span class='ocrx_word' id='word_1_101' title='bbox 1205 1832 1366 1914; x_wconf 87' lang='lat' dir='ltr'>funusque</span> <span class='ocrx_word' id='word_1_102' title='bbox 1401 1833 1431 1899; x_wconf 90' lang='lat' dir='ltr'>ei</span> 
     </span>
     <span class='ocr_line' id='line_1_15' title="bbox 192 1928 1025 2026; baseline -0.002 -19"><span class='ocrx_word' id='word_1_103' title='bbox 192 1928 390 2022; x_wconf 90' lang='lat' dir='ltr'>pararetur.</span> <span class='ocrx_word' id='word_1_104' title='bbox 398 1937 423 2026; x_wconf 82' lang='grc'>4)</span> <span class='ocrx_word' id='word_1_105' title='bbox 810 1941 814 1948; x_wconf 84' lang='lat'>&#39;</span> <span class='ocrx_word' id='word_1_106' title='bbox 1023 1936 1025 1941; x_wconf 82' lang='grc'><strong>’</strong></span> 
     </span>
    </p>

    <p class='ocr_par' dir='ltr' id='par_1_6' title="bbox 206 2046 1429 2237">
     <span class='ocr_line' id='line_1_16' title="bbox 295 2046 1429 2131; baseline 0.003 -18"><span class='ocrx_word' id='word_1_107' title='bbox 295 2046 459 2128; x_wconf 90' lang='lat' dir='ltr'>Capitolio</span> <span class='ocrx_word' id='word_1_108' title='bbox 484 2050 644 2128; x_wconf 90' lang='lat' dir='ltr'>occupato</span> <span class='ocrx_word' id='word_1_109' title='bbox 667 2047 894 2114; x_wconf 81' lang='lat' dir='ltr'>interfectores</span> <span class='ocrx_word' id='word_1_110' title='bbox 910 2048 1065 2131; x_wconf 94' lang='lat' dir='ltr'>populum</span> <span class='ocrx_word' id='word_1_111' title='bbox 1087 2049 1122 2114; x_wconf 95' lang='lat' dir='ltr'>in</span> <span class='ocrx_word' id='word_1_112' title='bbox 1145 2049 1329 2114; x_wconf 88' lang='lat' dir='ltr'>contionem</span> <span class='ocrx_word' id='word_1_113' title='bbox 1353 2068 1429 2116; x_wconf 87' lang='lat' dir='ltr'>con-</span> 
     </span>
     <span class='ocr_line' id='line_1_17' title="bbox 206 2153 452 2237; baseline -0.012 -16"><span class='ocrx_word' id='word_1_114' title='bbox 206 2153 452 2237; x_wconf 64' lang='lat' dir='ltr'>recemundo</span> 
     </span>
    </p>

    <p class='ocr_par' dir='ltr' id='par_1_7' title="bbox 173 2259 1513 2778">
     <span class='ocr_line' id='line_1_18' title="bbox 295 2259 1429 2344; baseline 0.004 -19"><span class='ocrx_word' id='word_1_115' title='bbox 295 2261 348 2326; x_wconf 90' lang='lat' dir='ltr'>De</span> <span class='ocrx_word' id='word_1_116' title='bbox 371 2259 618 2343; x_wconf 83' lang='lat' dir='ltr'>magistratibus</span> <span class='ocrx_word' id='word_1_117' title='bbox 654 2263 765 2327; x_wconf 89' lang='lat' dir='ltr'>autem</span> <span class='ocrx_word' id='word_1_118' title='bbox 789 2259 895 2328; x_wconf 80' lang='lat' dir='ltr'>Cinna</span> <span class='ocrx_word' id='word_1_119' title='bbox 929 2266 1064 2344; x_wconf 92' lang='lat' dir='ltr'>praetor</span> <span class='ocrx_word' id='word_1_120' title='bbox 1096 2262 1218 2344; x_wconf 91' lang='lat' dir='ltr'>prodiit</span> <span class='ocrx_word' id='word_1_121' title='bbox 1252 2268 1286 2329; x_wconf 95' lang='lat' dir='ltr'>et</span> <span class='ocrx_word' id='word_1_122' title='bbox 1313 2268 1429 2330; x_wconf 90' lang='lat' dir='ltr'>contra</span> 
     </span>
     <span class='ocr_line' id='line_1_19' title="bbox 209 2366 1513 2452; baseline -0.001 -18"><span class='ocrx_word' id='word_1_123' title='bbox 209 2367 387 2434; x_wconf 90' lang='lat' dir='ltr'>Caesarem</span> <span class='ocrx_word' id='word_1_124' title='bbox 411 2367 619 2433; x_wconf 88' lang='lat' dir='ltr'>contionatus</span> <span class='ocrx_word' id='word_1_125' title='bbox 643 2368 797 2451; x_wconf 94' lang='lat' dir='ltr'>populum</span> <span class='ocrx_word' id='word_1_126' title='bbox 820 2368 1047 2448; x_wconf 74' lang='lat' dir='ltr'>interfectores</span> <span class='ocrx_word' id='word_1_127' title='bbox 1074 2372 1113 2434; x_wconf 92' lang='lat' dir='ltr'>ut</span> <span class='ocrx_word' id='word_1_128' title='bbox 1139 2366 1363 2452; x_wconf 78' lang='lat' dir='ltr'>tyrannicidas</span> <span class='ocrx_word' id='word_1_129' title='bbox 1387 2367 1427 2433; x_wconf 91' lang='lat' dir='ltr'>de</span> <span class='ocrx_word' id='word_1_130' title='bbox 1509 2377 1513 2388; x_wconf 74' lang='lat'><strong>⁴</strong></span> 
     </span>
     <span class='ocr_line' id='line_1_20' title="bbox 173 2476 1427 2560; baseline -0.003 -16"><span class='ocrx_word' id='word_1_131' title='bbox 173 2539 175 2544; x_wconf 87' lang='lat'>.</span> <span class='ocrx_word' id='word_1_132' title='bbox 209 2476 373 2560; x_wconf 90' lang='lat' dir='ltr'>Capitolio</span> <span class='ocrx_word' id='word_1_133' title='bbox 397 2495 517 2542; x_wconf 85' lang='lat' dir='ltr'>vocare</span> <span class='ocrx_word' id='word_1_134' title='bbox 544 2476 655 2543; x_wconf 89' lang='lat' dir='ltr'>iussit:</span> <span class='ocrx_word' id='word_1_135' title='bbox 690 2476 829 2558; x_wconf 90' lang='lat' dir='ltr'>populus</span> <span class='ocrx_word' id='word_1_136' title='bbox 864 2479 975 2543; x_wconf 90' lang='lat' dir='ltr'>autem</span> <span class='ocrx_word' id='word_1_137' title='bbox 1010 2477 1040 2542; x_wconf 89' lang='lat' dir='ltr'>ei</span> <span class='ocrx_word' id='word_1_138' title='bbox 1062 2476 1236 2543; x_wconf 88' lang='lat' dir='ltr'>obsecutus</span> <span class='ocrx_word' id='word_1_139' title='bbox 1271 2494 1337 2541; x_wconf 92' lang='lat' dir='ltr'>non</span> <span class='ocrx_word' id='word_1_140' title='bbox 1366 2480 1427 2556; x_wconf 77' lang='lat' dir='ltr'>est,</span> 
     </span>
     <span class='ocr_line' id='line_1_21' title="bbox 208 2583 1428 2667; baseline -0.002 -17"><span class='ocrx_word' id='word_1_141' title='bbox 208 2584 265 2650; x_wconf 88' lang='lat' dir='ltr'>sed</span> <span class='ocrx_word' id='word_1_142' title='bbox 299 2589 390 2650; x_wconf 92' lang='lat' dir='ltr'>metu</span> <span class='ocrx_word' id='word_1_143' title='bbox 412 2583 582 2650; x_wconf 89' lang='lat' dir='ltr'>turbarum</span> <span class='ocrx_word' id='word_1_144' title='bbox 609 2601 769 2650; x_wconf 92' lang='lat' dir='ltr'>novarum</span> <span class='ocrx_word' id='word_1_145' title='bbox 798 2587 931 2667; x_wconf 61' lang='lat' dir='ltr'>captus</span> <span class='ocrx_word' id='word_1_146' title='bbox 966 2584 1043 2665; x_wconf 92' lang='lat' dir='ltr'>quid</span> <span class='ocrx_word' id='word_1_147' title='bbox 1065 2584 1211 2652; x_wconf 90' lang='lat' dir='ltr'>futurum</span> <span class='ocrx_word' id='word_1_148' title='bbox 1235 2588 1341 2665; x_wconf 74' lang='lat' dir='ltr'>esset,</span> <span class='ocrx_word' id='word_1_149' title='bbox 1373 2603 1428 2648; x_wconf 85' lang='lat' dir='ltr'>ex-</span> 
     </span>
     <span class='ocr_line' id='line_1_22' title="bbox 207 2691 1325 2778; baseline -0.001 -20"><span class='ocrx_word' id='word_1_150' title='bbox 207 2692 390 2775; x_wconf 86' lang='lat' dir='ltr'>spectabat.</span> <span class='ocrx_word' id='word_1_151' title='bbox 398 2691 422 2778; x_wconf 76' lang='grc'>6)</span> <span class='ocrx_word' id='word_1_152' title='bbox 1323 2766 1325 2770; x_wconf 81' lang='lat'>.</span> 
     </span>
    </p>

    <p class='ocr_par' dir='ltr' id='par_1_8' title="bbox 205 2797 1429 3099">
     <span class='ocr_line' id='line_1_23' title="bbox 296 2797 1427 2883; baseline -0.002 -17"><span class='ocrx_word' id='word_1_153' title='bbox 296 2798 379 2866; x_wconf 87' lang='lat' dir='ltr'>Cum</span> <span class='ocrx_word' id='word_1_154' title='bbox 413 2802 524 2866; x_wconf 87' lang='lat' dir='ltr'>autem</span> <span class='ocrx_word' id='word_1_155' title='bbox 557 2797 784 2866; x_wconf 68' lang='lat' dir='ltr'>interfectores</span> <span class='ocrx_word' id='word_1_156' title='bbox 820 2798 860 2864; x_wconf 89' lang='lat' dir='ltr'>de</span> <span class='ocrx_word' id='word_1_157' title='bbox 889 2797 1052 2883; x_wconf 90' lang='lat' dir='ltr'>Capitolio</span> <span class='ocrx_word' id='word_1_158' title='bbox 1088 2797 1348 2879; x_wconf 70' lang='lat' dir='ltr'>descendissent,</span> <span class='ocrx_word' id='word_1_159' title='bbox 1382 2798 1427 2864; x_wconf 90' lang='lat' dir='ltr'>M.</span> 
     </span>
     <span class='ocr_line' id='line_1_24' title="bbox 205 2904 1429 2990; baseline -0.002 -17"><span class='ocrx_word' id='word_1_160' title='bbox 205 2907 330 2973; x_wconf 91' lang='lat' dir='ltr'>Brutus</span> <span class='ocrx_word' id='word_1_161' title='bbox 355 2907 536 2974; x_wconf 87' lang='lat' dir='ltr'>orationem</span> <span class='ocrx_word' id='word_1_162' title='bbox 556 2907 672 2973; x_wconf 90' lang='lat' dir='ltr'>habuit</span> <span class='ocrx_word' id='word_1_163' title='bbox 687 2908 907 2990; x_wconf 91' lang='lat' dir='ltr'>populumque</span> <span class='ocrx_word' id='word_1_164' title='bbox 923 2906 963 2974; x_wconf 91' lang='lat' dir='ltr'>de</span> <span class='ocrx_word' id='word_1_165' title='bbox 979 2906 1113 2973; x_wconf 90' lang='lat' dir='ltr'>oonsilio</span> <span class='ocrx_word' id='word_1_166' title='bbox 1137 2925 1177 2974; x_wconf 91' lang='lat' dir='ltr'>ao</span> <span class='ocrx_word' id='word_1_167' title='bbox 1196 2905 1325 2972; x_wconf 90' lang='lat' dir='ltr'>ratione</span> <span class='ocrx_word' id='word_1_168' title='bbox 1348 2904 1429 2972; x_wconf 89' lang='lat' dir='ltr'>facti</span> 
     </span>
     <span class='ocr_line' id='line_1_25' title="bbox 207 3012 855 3099; baseline -0.002 -19"><span class='ocrx_word' id='word_1_169' title='bbox 207 3014 381 3083; x_wconf 88' lang='lat' dir='ltr'>certiorem</span> <span class='ocrx_word' id='word_1_170' title='bbox 405 3012 530 3080; x_wconf 80' lang='lat' dir='ltr'>faciens</span> <span class='ocrx_word' id='word_1_171' title='bbox 552 3014 650 3096; x_wconf 89' lang='lat' dir='ltr'>plane</span> <span class='ocrx_word' id='word_1_172' title='bbox 673 3012 855 3099; x_wconf 68' lang='lat' dir='ltr'>pacavitl)</span> 
     </span>
    </p>
   </div>
   <div class='ocr_carea' id='block_1_3' title="bbox 293 3119 1555 3210">
    <p class='ocr_par' dir='ltr' id='par_1_9' title="bbox 293 3119 1555 3210">
     <span class='ocr_line' id='line_1_26' title="bbox 293 3119 1555 3210; baseline -0.002 -23"><span class='ocrx_word' id='word_1_173' title='bbox 293 3122 428 3204; x_wconf 80' lang='lat' dir='ltr'>ltaque,</span> <span class='ocrx_word' id='word_1_174' title='bbox 452 3141 525 3196; x_wconf 91' lang='lat' dir='ltr'>cum</span> <span class='ocrx_word' id='word_1_175' title='bbox 548 3120 775 3188; x_wconf 84' lang='lat' dir='ltr'>interfectores</span> <span class='ocrx_word' id='word_1_176' title='bbox 798 3121 833 3186; x_wconf 92' lang='lat' dir='ltr'>in</span> <span class='ocrx_word' id='word_1_177' title='bbox 857 3120 1056 3205; x_wconf 81' lang='lat' dir='ltr'>Capitolium</span> <span class='ocrx_word' id='word_1_178' title='bbox 1078 3120 1255 3203; x_wconf 87' lang='lat' dir='ltr'>redissent,</span> <span class='ocrx_word' id='word_1_179' title='bbox 1285 3119 1427 3205; x_wconf 91' lang='lat' dir='ltr'>(interim</span> <span class='ocrx_word' id='word_1_180' title='bbox 1550 3201 1555 3210; x_wconf 87' lang='lat'>.</span> 
     </span>
    </p>
   </div>
   <div class='ocr_carea' id='block_1_4' title="bbox 115 3228 1429 4064">
    <p class='ocr_par' dir='ltr' id='par_1_10' title="bbox 205 3228 1428 3527">
     <span class='ocr_line' id='line_1_27' title="bbox 206 3228 1428 3313; baseline -0.002 -18"><span class='ocrx_word' id='word_1_181' title='bbox 206 3232 316 3297; x_wconf 90' lang='lat' dir='ltr'>autem</span> <span class='ocrx_word' id='word_1_182' title='bbox 339 3248 457 3313; x_wconf 86' lang='lat' dir='ltr'>vesper</span> <span class='ocrx_word' id='word_1_183' title='bbox 480 3229 833 3313; x_wconf 84' lang='lat' dir='ltr'>appropinquaverat),</span> <span class='ocrx_word' id='word_1_184' title='bbox 868 3229 1032 3311; x_wconf 89' lang='lat' dir='ltr'>principes</span> <span class='ocrx_word' id='word_1_185' title='bbox 1056 3228 1200 3295; x_wconf 89' lang='lat' dir='ltr'>civitatis</span> <span class='ocrx_word' id='word_1_186' title='bbox 1229 3228 1428 3312; x_wconf 83' lang='lat' dir='ltr'>gratulaturi</span> 
     </span>
     <span class='ocr_line' id='line_1_28' title="bbox 206 3336 1427 3418; baseline -0.002 -17"><span class='ocrx_word' id='word_1_187' title='bbox 206 3336 249 3402; x_wconf 91' lang='lat' dir='ltr'>ad</span> <span class='ocrx_word' id='word_1_188' title='bbox 272 3340 328 3402; x_wconf 86' lang='lat' dir='ltr'>eos</span> <span class='ocrx_word' id='word_1_189' title='bbox 350 3355 386 3402; x_wconf 92' lang='lat' dir='ltr'>se</span> <span class='ocrx_word' id='word_1_190' title='bbox 402 3338 624 3418; x_wconf 78' lang='lat' dir='ltr'>contulerimt3</span> <span class='ocrx_word' id='word_1_191' title='bbox 649 3355 787 3418; x_wconf 90' lang='lat' dir='ltr'>quorum</span> <span class='ocrx_word' id='word_1_192' title='bbox 803 3338 986 3418; x_wconf 83' lang='lat' dir='ltr'>exemplum</span> <span class='ocrx_word' id='word_1_193' title='bbox 1003 3340 1135 3403; x_wconf 87' lang='lat' dir='ltr'>secutus</span> <span class='ocrx_word' id='word_1_194' title='bbox 1159 3341 1211 3402; x_wconf 89' lang='lat' dir='ltr'>est</span> <span class='ocrx_word' id='word_1_195' title='bbox 1228 3353 1336 3417; x_wconf 87' lang='lat' dir='ltr'>pauca</span> <span class='ocrx_word' id='word_1_196' title='bbox 1352 3354 1427 3401; x_wconf 90' lang='lat' dir='ltr'>con·</span> 
     </span>
     <span class='ocr_line' id='line_1_29' title="bbox 205 3442 1258 3527; baseline -0.001 -18"><span class='ocrx_word' id='word_1_197' title='bbox 205 3443 351 3510; x_wconf 86' lang='lat' dir='ltr'>tionatus</span> <span class='ocrx_word' id='word_1_198' title='bbox 374 3444 548 3511; x_wconf 89' lang='lat' dir='ltr'>Dolabella</span> <span class='ocrx_word' id='word_1_199' title='bbox 571 3442 727 3527; x_wconf 75' lang='lat' dir='ltr'>consul.⁸)</span> <span class='ocrx_word' id='word_1_200' title='bbox 1255 3468 1258 3474; x_wconf 96' lang='lat'>·</span> 
     </span>
    </p>

    <p class='ocr_par' dir='ltr' id='par_1_11' title="bbox 115 3547 1429 3850">
     <span class='ocr_line' id='line_1_30' title="bbox 292 3547 1429 3636; baseline -0.004 -19"><span class='ocrx_word' id='word_1_201' title='bbox 292 3551 525 3618; x_wconf 89' lang='lat' dir='ltr'>Interfectores</span> <span class='ocrx_word' id='word_1_202' title='bbox 539 3556 650 3617; x_wconf 90' lang='lat' dir='ltr'>autem</span> <span class='ocrx_word' id='word_1_203' title='bbox 661 3552 789 3636; x_wconf 84' lang='lat' dir='ltr'>legatos</span> <span class='ocrx_word' id='word_1_204' title='bbox 800 3549 961 3617; x_wconf 90' lang='lat' dir='ltr'>miserunt</span> <span class='ocrx_word' id='word_1_205' title='bbox 974 3551 1016 3616; x_wconf 94' lang='lat' dir='ltr'>ad</span> <span class='ocrx_word' id='word_1_206' title='bbox 1027 3551 1188 3634; x_wconf 87' lang='lat' dir='ltr'>Lepidum</span> <span class='ocrx_word' id='word_1_207' title='bbox 1201 3555 1234 3616; x_wconf 94' lang='lat' dir='ltr'>et</span> <span class='ocrx_word' id='word_1_208' title='bbox 1246 3547 1429 3615; x_wconf 85' lang='lat' dir='ltr'>Antonium</span> 
     </span>
     <span class='ocr_line' id='line_1_31' title="bbox 115 3655 1426 3741; baseline -0.004 -16"><span class='ocrx_word' id='word_1_209' title='bbox 115 3733 116 3737; x_wconf 8' lang='grc' dir='ltr'><strong>Ἰ</strong></span> <span class='ocrx_word' id='word_1_210' title='bbox 203 3677 318 3739; x_wconf 92' lang='lat' dir='ltr'>paoem</span> <span class='ocrx_word' id='word_1_211' title='bbox 341 3662 506 3741; x_wconf 88' lang='lat' dir='ltr'>petentes:</span> <span class='ocrx_word' id='word_1_212' title='bbox 540 3658 575 3724; x_wconf 89' lang='lat' dir='ltr'>hi</span> <span class='ocrx_word' id='word_1_213' title='bbox 606 3662 732 3740; x_wconf 78' lang='lat' dir='ltr'>autem,</span> <span class='ocrx_word' id='word_1_214' title='bbox 767 3677 841 3723; x_wconf 92' lang='lat' dir='ltr'>cum</span> <span class='ocrx_word' id='word_1_215' title='bbox 862 3657 965 3740; x_wconf 86' lang='lat' dir='ltr'>legati</span> <span class='ocrx_word' id='word_1_216' title='bbox 988 3676 1061 3724; x_wconf 88' lang='lat' dir='ltr'>sero</span> <span class='ocrx_word' id='word_1_217' title='bbox 1090 3657 1220 3740; x_wconf 84' lang='lat' dir='ltr'>vesperi</span> <span class='ocrx_word' id='word_1_218' title='bbox 1248 3655 1426 3737; x_wconf 85' lang='lat' dir='ltr'>venissent,</span> 
     </span>
     <span class='ocr_line' id='line_1_32' title="bbox 205 3762 978 3850; baseline 0 -20"><span class='ocrx_word' id='word_1_219' title='bbox 205 3765 363 3847; x_wconf 87' lang='lat' dir='ltr'>postridie</span> <span class='ocrx_word' id='word_1_220' title='bbox 386 3784 422 3832; x_wconf 91' lang='lat' dir='ltr'>se</span> <span class='ocrx_word' id='word_1_221' title='bbox 445 3783 661 3848; x_wconf 88' lang='lat' dir='ltr'>responsuros</span> <span class='ocrx_word' id='word_1_222' title='bbox 685 3783 758 3831; x_wconf 87' lang='lat' dir='ltr'>esse</span> <span class='ocrx_word' id='word_1_223' title='bbox 781 3762 978 3850; x_wconf 68' lang='lat' dir='ltr'>dicebantf)</span> 
     </span>
    </p>

    <p class='ocr_par' dir='ltr' id='par_1_12' title="bbox 204 3869 1426 4064">
     <span class='ocr_line' id='line_1_33' title="bbox 294 3869 1426 3956; baseline -0.002 -18"><span class='ocrx_word' id='word_1_224' title='bbox 294 3871 377 3938; x_wconf 91' lang='lat' dir='ltr'>Cum</span> <span class='ocrx_word' id='word_1_225' title='bbox 411 3872 512 3956; x_wconf 85' lang='lat' dir='ltr'>igitur</span> <span class='ocrx_word' id='word_1_226' title='bbox 539 3872 700 3939; x_wconf 90' lang='lat' dir='ltr'>incertum</span> <span class='ocrx_word' id='word_1_227' title='bbox 723 3878 827 3956; x_wconf 85' lang='lat' dir='ltr'>esset,</span> <span class='ocrx_word' id='word_1_228' title='bbox 863 3871 940 3956; x_wconf 91' lang='lat' dir='ltr'>quid</span> <span class='ocrx_word' id='word_1_229' title='bbox 962 3871 1128 3939; x_wconf 90' lang='lat' dir='ltr'>Antonius</span> <span class='ocrx_word' id='word_1_230' title='bbox 1164 3883 1198 3938; x_wconf 85' lang='lat' dir='ltr'>et</span> <span class='ocrx_word' id='word_1_231' title='bbox 1219 3869 1365 3952; x_wconf 86' lang='lat' dir='ltr'>Lepidus</span> <span class='ocrx_word' id='word_1_232' title='bbox 1391 3871 1426 3936; x_wconf 90' lang='lat' dir='ltr'>in</span> 
     </span>
     <span class='ocr_line' id='line_1_34' title="bbox 204 3978 1424 4064; baseline 0 -20"><span class='ocrx_word' id='word_1_233' title='bbox 204 3978 312 4045; x_wconf 92' lang='lat' dir='ltr'>animo</span> <span class='ocrx_word' id='word_1_234' title='bbox 336 3980 509 4063; x_wconf 85' lang='lat' dir='ltr'>haberent,</span> <span class='ocrx_word' id='word_1_235' title='bbox 545 3982 650 4048; x_wconf 92' lang='lat' dir='ltr'>denuo</span> <span class='ocrx_word' id='word_1_236' title='bbox 673 3981 813 4064; x_wconf 90' lang='lat' dir='ltr'>populus</span> <span class='ocrx_word' id='word_1_237' title='bbox 837 4000 963 4048; x_wconf 92' lang='lat' dir='ltr'>summo</span> <span class='ocrx_word' id='word_1_238' title='bbox 997 3984 1088 4047; x_wconf 90' lang='lat' dir='ltr'>metu</span> <span class='ocrx_word' id='word_1_239' title='bbox 1122 3999 1230 4046; x_wconf 91' lang='lat' dir='ltr'>rerum</span> <span class='ocrx_word' id='word_1_240' title='bbox 1264 3995 1424 4044; x_wconf 85' lang='lat' dir='ltr'>novarum</span> 
     </span>
    </p>
   </div>
   <div class='ocr_carea' id='block_1_5' title="bbox 274 4171 906 4514">
    <p class='ocr_par' dir='ltr' id='par_1_13' title="bbox 279 4171 557 4244">
     <span class='ocr_line' id='line_1_35' title="bbox 279 4171 557 4244; baseline 0.004 -14"><span class='ocrx_word' id='word_1_241' title='bbox 279 4173 300 4244; x_wconf 83' lang='lat'>²)</span> <span class='ocrx_word' id='word_1_242' title='bbox 319 4171 396 4230; x_wconf 86' lang='lat' dir='ltr'>Suet.</span> <span class='ocrx_word' id='word_1_243' title='bbox 416 4172 494 4231; x_wconf 84' lang='lat' dir='ltr'>Caes.</span> <span class='ocrx_word' id='word_1_244' title='bbox 513 4176 557 4231; x_wconf 82' lang='grc'>81.</span> 
     </span>
    </p>

    <p class='ocr_par' dir='ltr' id='par_1_14' title="bbox 274 4263 887 4424">
     <span class='ocr_line' id='line_1_36' title="bbox 274 4263 887 4335; baseline 0.002 -17"><span class='ocrx_word' id='word_1_245' title='bbox 274 4263 294 4333; x_wconf 65' lang='grc'>1)</span> <span class='ocrx_word' id='word_1_246' title='bbox 312 4279 341 4333; x_wconf 92' lang='lat' dir='ltr'>p.</span> <span class='ocrx_word' id='word_1_247' title='bbox 361 4264 457 4319; x_wconf 87' lang='grc'><strong>6-10.</strong></span> <span class='ocrx_word' id='word_1_248' title='bbox 476 4263 615 4334; x_wconf 72' lang='lat' dir='ltr'>(lt-48.)</span> <span class='ocrx_word' id='word_1_249' title='bbox 635 4293 666 4304; x_wconf 96' lang='lat'><em>-</em></span> <span class='ocrx_word' id='word_1_250' title='bbox 687 4264 709 4333; x_wconf 81' lang='lat'>⁸)</span> <span class='ocrx_word' id='word_1_251' title='bbox 727 4280 754 4335; x_wconf 88' lang='lat' dir='ltr'>p.</span> <span class='ocrx_word' id='word_1_252' title='bbox 776 4266 887 4320; x_wconf 79' lang='lat'>12-14.</span> 
     </span>
     <span class='ocr_line' id='line_1_37' title="bbox 275 4351 677 4424; baseline 0.007 -18"><span class='ocrx_word' id='word_1_253' title='bbox 275 4351 294 4422; x_wconf 63' lang='grc' dir='ltr'>ι)</span> <span class='ocrx_word' id='word_1_254' title='bbox 312 4367 341 4422; x_wconf 89' lang='lat' dir='ltr'>p.</span> <span class='ocrx_word' id='word_1_255' title='bbox 361 4353 526 4408; x_wconf 83' lang='lat'>14—15.-</span> <span class='ocrx_word' id='word_1_256' title='bbox 546 4353 568 4421; x_wconf 77' lang='lat'>⁶)</span> <span class='ocrx_word' id='word_1_257' title='bbox 587 4369 614 4424; x_wconf 91' lang='lat' dir='ltr'>p.</span> <span class='ocrx_word' id='word_1_258' title='bbox 636 4355 677 4410; x_wconf 82' lang='grc'>18,</span> 
     </span>
    </p>

    <p class='ocr_par' dir='ltr' id='par_1_15' title="bbox 275 4440 906 4514">
     <span class='ocr_line' id='line_1_38' title="bbox 275 4440 906 4514; baseline 0.003 -18"><span class='ocrx_word' id='word_1_259' title='bbox 275 4440 297 4511; x_wconf 81' lang='lat'>⁸)</span> <span class='ocrx_word' id='word_1_260' title='bbox 314 4456 342 4511; x_wconf 89' lang='lat' dir='ltr'>p.</span> <span class='ocrx_word' id='word_1_261' title='bbox 362 4442 476 4498; x_wconf 82' lang='lat'>18-19.</span> <span class='ocrx_word' id='word_1_262' title='bbox 495 4441 633 4511; x_wconf 74' lang='lat' dir='ltr'>(ne-30.)</span> <span class='ocrx_word' id='word_1_263' title='bbox 653 4472 685 4482; x_wconf 97' lang='lat'>—</span> <span class='ocrx_word' id='word_1_264' title='bbox 706 4443 728 4513; x_wconf 81' lang='lat'>⁷)</span> <span class='ocrx_word' id='word_1_265' title='bbox 745 4459 772 4514; x_wconf 95' lang='lat' dir='ltr'>p.</span> <span class='ocrx_word' id='word_1_266' title='bbox 794 4444 906 4500; x_wconf 77' lang='grc'><strong>19-10.</strong></span> 
     </span>
    </p>
   </div>
   <div class='ocr_carea' id='block_1_6' title="bbox 274 4529 836 4602">
    <p class='ocr_par' dir='ltr' id='par_1_16' title="bbox 274 4529 836 4602">
     <span class='ocr_line' id='line_1_39' title="bbox 274 4529 836 4602; baseline 0.007 -16"><span class='ocrx_word' id='word_1_267' title='bbox 274 4529 295 4599; x_wconf 76' lang='lat'>⁸)</span> <span class='ocrx_word' id='word_1_268' title='bbox 315 4545 343 4600; x_wconf 82' lang='lat' dir='ltr'>p.</span> <span class='ocrx_word' id='word_1_269' title='bbox 362 4531 405 4587; x_wconf 83' lang='lat' dir='ltr'>ro.</span> <span class='ocrx_word' id='word_1_270' title='bbox 424 4530 562 4602; x_wconf 76' lang='lat' dir='ltr'>(ao-eo.)</span> <span class='ocrx_word' id='word_1_271' title='bbox 581 4560 615 4572; x_wconf 97' lang='lat'>-</span> <span class='ocrx_word' id='word_1_272' title='bbox 635 4532 656 4602; x_wconf 76' lang='grc'>9)</span> <span class='ocrx_word' id='word_1_273' title='bbox 674 4548 702 4602; x_wconf 82' lang='lat' dir='ltr'>p.</span> <span class='ocrx_word' id='word_1_274' title='bbox 721 4533 836 4590; x_wconf 81' lang='lat' dir='ltr'>aa-ea.</span> 
     </span>
    </p>
   </div>
   <div class='ocr_carea' id='block_1_7' title="bbox 0 0 1746 5098">
    <p class='ocr_par' dir='ltr' id='par_1_17' title="bbox 0 0 1746 5098">
     <span class='ocr_line' id='line_1_40' title="bbox 0 0 1746 5098; baseline 0 1"><span class='ocrx_word' id='word_1_275' title='bbox 0 0 1746 5098; x_wconf 95' lang='lat' dir='ltr'> </span> 
     </span>
    </p>
   </div>
  </div>
 </body>
</html>
