3482 5098
690 374 911 439 ..37-

187 562 337 628 catorum
359 562 508 646 superior
530 565 638 633 factus
663 571 764 649 esset,
801 564 997 632 commercia
1033 583 1107 632 oum
1134 566 1181 636 eis
1209 571 1328 650 coepta
1350 568 1407 635 ab·

188 686 342 750 rumpens
365 675 517 738 senatum
540 692 723 741 convocare
747 671 964 760 constituit1),
988 691 1027 739 eo
1050 673 1181 755 quidem
1203 675 1349 758 oonsilio,
1372 682 1410 742 ut

188 775 304 841 sedato
327 776 361 841 in
384 777 464 845 urbe
486 782 628 848 tumultu
650 782 721 864 ipse
744 781 942 863 reipublicae
965 785 1144 863 praeesset.
1164 766 1181 866 )’

277 881 468 968 Antequam
492 892 603 954 autem
626 889 666 955 de
685 888 852 971 republica
875 888 918 954 ad
941 891 1092 954 Senatum
1114 888 1262 972 referret,
1286 890 1409 956 amicos

190 989 346 1058 Caesaris
357 991 444 1058 domi
457 996 629 1078 consuluit,
648 996 725 1079 quid
740 996 821 1079 ipsis
837 996 877 1062 de
889 995 1152 1062 interfectoribus
1168 996 1239 1062 fieri
1254 998 1409 1079 placeret.

278 1097 330 1165 Ex
353 1100 471 1181 quibus
493 1102 638 1185 Lepidus
674 1103 801 1170 censuit
835 1104 954 1170 beMum
989 1104 1036 1170 eis
1064 1103 1266 1170 inferendum
1295 1104 1409 1189 ossei),

190 1205 393 1290 eandemque
409 1211 607 1276 sententiam
623 1213 708 1277 alter
731 1211 814 1278 dixit
829 1211 1031 1294 argumentis
1055 1211 1259 1293 gravissimis
1286 1212 1411 1279 allatis:

188 1331 266 1382 narn
289 1333 354 1381 non
377 1316 482 1383 solum
504 1318 555 1383 ius
578 1318 751 1385 iurandum
775 1317 914 1385 Caesari
937 1318 1050 1384 datum
1074 1320 1256 1402 postulare,
1280 1324 1318 1386 ut
1341 1321 1410 1387 eius

187 1420 349 1487 nefariam
373 1423 506 1490 caedem
521 1425 766 1508 ulciscerentur,
791 1425 971 1494 sedetiam
994 1426 1140 1508 ipsorum
1156 1427 1273 1493 salutis
1297 1446 1410 1494 curam

188 1640 262 1702 tate
278 1638 395 1720 coacti,
418 1639 499 1704 nihil
513 1641 716 1724 molirentur,
740 1646 862 1723 tamen,
886 1641 941 1707 ubi
956 1659 1009 1707 res
1027 1659 1139 1708 eorum
1155 1645 1274 1710 auctae
1290 1646 1410 1725 essent,

191 1762 248 1808 eos
272 1743 526 1817 dominationem
550 1766 623 1814 esse
646 1747 903 1833 affectaturos.⁴)

282 1848 346 1933 Qui
368 1857 494 1937 autem,
518 1855 547 1921 si
570 1859 640 1921 tum
663 1874 780 1922 manus
804 1858 977 1922 consertae
1000 1859 1126 1938 essent,
1151 1855 1258 1938 esitus
1281 1856 1410 1924 futurus

191 1958 317 2042 fuisset,
342 1959 473 2028 dubium
488 1962 545 2029 rix'
560 1981 633 2030 esse
648 1967 759 2046 potest
774 1962 1055 2030 considerantibus
1078 1963 1183 2046 nobis,
1206 1964 1313 2045 qualis
1336 1982 1412 2031 con·

192 2066 275 2133 dicio
298 2067 545 2147 interfectorum
568 2070 710 2137 secundo
734 2070 786 2137 die
810 2071 918 2136 fuerit.

280 2175 366 2241 Nam
404 2177 433 2243 si
469 2177 556 2244 vires
596 2177 840 2245 coniuratorum
877 2182 1029 2260 reputas,
1072 2178 1219 2260 ipsorum
1256 2198 1411 2247 numerus

192 2281 349 2367 parvus⁵)
373 2302 577 2367 perpaucos
600 2285 672 2352 illos
696 2290 826 2353 tantum
849 2291 966 2353 auctus
990 2289 1076 2368 erat,
1101 2287 1170 2369 qui,
1193 2289 1232 2353 ut
1252 2286 1413 2354 Lentulus

193 2389 327 2472 aliique,
363 2391 458 2473 quasi
485 2392 595 2459 caedis
618 2393 700 2459 socii
722 2393 863 2476 arreptis
897 2393 1093 2476 pugionibus
1116 2412 1184 2460 una
1212 2413 1285 2461 omn
1309 2395 1356 2460 eis
1379 2395 1413 2461 in

195 2494 393 2578 Capitolium
432 2499 663 2583 ascenderem
708 2505 855 2567 armatos
894 2503 1005 2567 autem
1042 2519 1107 2566 non
1146 2501 1313 2568 habebant
1351 2500 1414 2567 nisi

194 2604 395 2687 gladiatores
416 2607 459 2673 D.
483 2608 591 2675 Bruti.

246 2893 249 2900 .
268 2837 288 2906 1)
307 2835 454 2909 Appianus
473 2841 579 2910 11111111,
601 2842 634 2895 ut
650 2839 734 2896 nimis
752 2839 845 2896 brevis
864 2842 908 2896 111
925 2839 960 2895 11
978 2839 1022 2895 his
1040 2837 1138 2908 rebus,
1155 2839 1196 2895 ita
1213 2838 1368 2896 Antonium
1384 2834 1414 2894 id

190 2927 285 2996 ipsum
302 2925 404 2997 legatis
426 2927 644 3000 respondentem
662 2927 728 2985 fecit
745 2931 784 3001 (p.
804 2930 846 2987 35.
866 2931 907 3000 3):
937 2921 984 3000 „nl
1007 2925 1071 3002 ὐμᾶς
1095 2925 1242 3003 σκεψόμεθα
1266 2925 1324 3000 μεθ’
1343 2923 1413 3000 ὑμῶν

194 3015 220 3069 ἐν
238 3018 275 3086 rip
295 3014 494 3090 βουλευτηρίῳ.“

156 3121 164 3138 ·
266 3105 288 3176 ¹)
308 3103 388 3172 Quod
405 3106 548 3164 Antonius
566 3124 623 3164 non
634 3109 713 3180 p1ius
732 3110 860 3165 senatum
873 3107 1044 3177 convocavit,
1062 3123 1146 3178 quem
1158 3106 1298 3163 veteranis
1316 3104 1415 3162 urbem

179 3195 375 3266 implevisset,
395 3194 492 3253 Cicero
511 3198 621 3254 collatis
640 3197 816 3256 Liberalibus
835 3214 898 3254 cum
916 3197 1010 3254 Idibus
1030 3196 1098 3253 dicit
1120 3196 1167 3268 (ad
1185 3194 1245 3254 Au.
1263 3194 1337 3253 xlv,
1357 3197 1414 3264 10):

192 3283 286 3354 „Quid
304 3284 366 3341 fieri
389 3286 450 3340 tum
467 3287 576 3357 potuit?
611 3287 672 3342 Iam
689 3286 798 3358 pridem
816 3287 1020 3358 perieramus!“
1051 3287 1081 3342 et
1098 3285 1187 3342 altero
1206 3286 1267 3341 loco
1290 3283 1337 3354 (ad
1355 3284 1414 3340 Att.

193 3373 265 3431 XIV.
284 3378 343 3446 14):
370 3375 463 3446 „Num
487 3375 575 3432 libere
597 3376 738 3447 potuimus
766 3377 934 3432 sententiam
960 3375 1071 3432 dicere?
1107 3374 1208 3430 Nonne
1235 3374 1312 3430 omni
1333 3372 1415 3430 modo

193 3466 327 3535 veterani,
348 3465 396 3536 qni
415 3466 516 3522 armati
528 3465 654 3536 aderant,
672 3481 735 3521 cum
747 3465 882 3536 praesidii
899 3480 951 3522 nos
969 3463 1040 3520 nihil
1053 3463 1229 3534 haberemus,
1249 3459 1416 3518 defendendi

194 3556 311 3610 1111111ιι
347 3553 383 3612 11.
401 3555 486 3612 etiam
503 3555 532 3611 II
551 3553 624 3613 Phil.
642 3557 691 3612 89:
711 3552 798 3625 „Post
816 3554 889 3610 diem
907 3554 1022 3611 tertium
1038 3553 1104 3608 veni
1120 3553 1150 3608 iu
1169 3551 1266 3609 aedem
1285 3550 1415 3621 Telluris,

194 3645 224 3700 et
242 3644 355 3716 quidem
371 3644 485 3714 invitus,
503 3660 567 3700 cnm
585 3659 681 3700 omnes
700 3644 792 3701 aditus
811 3643 911 3700 armati
929 3641 1115 3699 obsiderent.“

246 3735 288 3804 ''³)
316 3733 350 3790 ad
379 3732 501 3790 similem
519 3733 687 3790 seutentiam
714 3731 824 3791 videtur
840 3731 1018 3789 referendum
1045 3747 1121 3801 esse,
1148 3729 1223 3802 quod
1242 3729 1358 3787 Orosius
1381 3745 1416 3784 ex

195 3822 272 3879 Livio
292 3823 432 3894 excerpsit
455 3821 513 3891 (VI.
534 3826 577 3880 17.
595 3825 637 3894 tl:
663 3823 738 3894 „Diu
756 3821 940 3878 deliberatum
964 3824 1019 3886 111,
1048 3822 1142 3878 utrum
1161 3817 1330 3892 Capitolium
1352 3833 1416 3874 curn

195 3911 354 3968 auctoribus
373 3912 467 3969 caedis
486 3913 628 3984 oporteret
644 3911 784 3970 incendi.“

266 4003 289 4072 ⁴)
316 4004 345 4058 11
361 4000 486 4073 profecto
504 4001 599 4058 omnia
616 4001 656 4058 sic
675 4001 840 4070 evenerunt,
863 3998 1109 4072 quemadmodum!
1125 3999 1164 4069 is,
1192 3997 1242 4071 qui
1264 3998 1338 4052 hane
1354 4013 1422 4052 sens

195 4090 314 4147 tentiam
334 4091 414 4160 dixit,
432 4089 617 4147 divinamrat:
637 4105 702 4145 nam
720 4106 777 4145 non
796 4089 888 4146 solum
906 4088 1020 4146 Cassius
1040 4089 1069 4144 11
1086 4087 1190 4144 Brutus
1208 4086 1357 4157 imperium
1374 4085 1416 4142 in·

195 4179 304 4236 finitum
331 4180 422 4236 maius
448 4178 551 4235 iudea
577 4178 653 4236 bello
672 4178 825 4235 Mutinensi
851 4179 1033 4235 obtinuerunt
1051 4177 1229 4248 (Mommsen,
1257 4175 1298 4233 St.
1316 4175 1350 4232 R.
1368 4174 1416 4232 11³.

194 4285 222 4340 p.
242 4269 316 4342 655),
343 4268 459 4326 sedhic
485 4285 522 4324 ne
545 4267 684 4325 dubitavit
701 4267 814 4340 quidem
841 4269 870 4323 in
889 4268 1009 4324 nummis
1037 4267 1129 4323 aureis
1155 4264 1308 4335 imaginem
1337 4279 1415 4320 suam

194 4373 299 4430 ponere
321 4357 499 4429 (Mommsen,
527 4356 626 4417 Gesch.
650 4356 677 4413 d
699 4357 780 4413 Rdm.
798 4355 914 4415 Miinzw.
935 4374 964 4428 p.
982 4359 1035 4414 740
1058 4357 1086 4412 11
1104 4354 1144 4412 st.
1163 4354 1196 4412 n
1214 4353 1264 4411 11³.
1287 4370 1316 4424 p.
1334 4355 1417 4422 718.)
1458 4375 1463 4388 ·

268 4447 289 4518 ⁶)
307 4446 407 4504 Fuisse
425 4463 481 4505 non
499 4447 630 4504 videntur
647 4463 732 4518 supra
751 4446 897 4517 sexaginta
909 4445 999 4517 (Suet.
1011 4444 1093 4502 Caes.
1112 4447 1155 4502 80.
1167 4445 1222 4515 81).
1246 4440 1280 4500 cf.
1293 4440 1419 4500 Schmidt

195 4537 214 4593 l.
232 4537 252 4595 l.
270 4553 299 4608 p.
316 4539 377 4594 674.
453 4543 458 4557 ’
493 4537 497 4548 ’
