3482 5098
843 339 1063 402 ..16-

434 531 481 596 Ut
504 535 614 597 autem
637 549 679 596 ne
701 528 836 596 Atticus
860 530 990 613 quidem
1014 550 1052 597 eo
1076 531 1128 598 die
1151 549 1266 597 vocem
1289 529 1470 617 retinuit1),
1504 531 1564 614 ita,

344 641 520 721 postquam
547 655 654 703 sermo
679 636 718 703 dc
743 635 888 704 Caesare
912 636 1020 703 occiso
1043 637 1144 704 latius
1167 637 1390 720 permanavit,
1425 639 1564 720 populus

343 746 495 827 frequens
518 762 577 826 per
599 743 671 811 vias
696 749 729 811 et
751 763 810 827 per
833 744 939 811 forum
955 744 1160 811 discurrebat
1175 744 1352 827 urbemque
1368 745 1564 812 clamoribus

342 849 541 936 implebatl).

431 958 544 1040 Atque
571 959 654 1025 haec
682 958 826 1040 quidem,
855 963 1031 1041 postquam
1053 959 1281 1025 interfectores
1308 959 1343 1025 in
1366 958 1566 1042 Capitolium

346 1085 382 1132 se
404 1070 609 1148 receperunt,
633 1066 769 1132 inorbo
792 1065 883 1132 facta
906 1071 998 1148 sunt;
1023 1066 1051 1132 si
1075 1071 1186 1132 autem
1210 1066 1407 1149 quaerimus,
1432 1067 1509 1150 quid
1531 1067 1566 1133 hi

345 1173 409 1255 ipsi
433 1171 597 1255 Capitolio
632 1176 792 1255 occupato
827 1173 974 1254 fecerint,
1008 1173 1157 1239 venimus
1190 1172 1258 1238 iam
1292 1174 1334 1240 ad
1358 1193 1415 1240 eas
1437 1193 1501 1256 res,
1526 1174 1566 1240 de

345 1279 461 1363 quibus
484 1280 658 1345 Drumann
692 1278 740 1344 sic
774 1284 910 1362 questus
945 1285 997 1346 est
1024 1279 1069 1366 (p.
1100 1280 1142 1344 84
1165 1280 1198 1345 in
1221 1278 1314 1345 initio
1339 1278 1358 1366 ξ
1383 1279 1433 1366 9);
1471 1282 1565 1364 „Von

344 1386 416 1453 hier
438 1400 482 1453 an
504 1387 621 1452 fllhren
645 1405 706 1452 uns
731 1387 782 1453 die
805 1386 907 1453 Alten
931 1387 963 1452 in
988 1387 1040 1452 ein
1063 1387 1279 1470 Labyrinth.“

434 1492 500 1559 Sed
524 1493 608 1575 quod
625 1493 799 1560 Drumann
823 1493 856 1558 in
879 1494 943 1559 fine
967 1494 1075 1576 operis
1098 1493 1149 1559 sui
1165 1493 1313 1576 speravit
1327 1493 1470 1560 fortasse
1485 1495 1565 1576 foro,

344 1605 392 1683 ut,
416 1618 499 1682 quas
522 1619 576 1666 res
600 1601 746 1667 difficiles
763 1600 991 1683 significasset,
1016 1619 1075 1667 eae
1093 1601 1268 1682 aliquando
1283 1599 1428 1666 fontibus
1444 1600 1565 1666 nostris

347 1707 452 1774 auctis
467 1705 756 1791 illustrarentur³),
780 1708 823 1789 id,
847 1707 877 1774 si
897 1708 931 1774 in
947 1709 1014 1774 ulla
1036 1727 1082 1790 re,
1098 1713 1169 1775 tum
1192 1712 1280 1774 certe
1302 1707 1337 1772 in
1360 1707 1423 1774 hac
1447 1706 1565 1774 evenit.

346 1815 378 1881 N
379 1798 433 1880 am
456 1818 494 1880 ut
508 1815 540 1881 N
541 1814 637 1881 icolai
658 1815 849 1881 narratione
869 1815 909 1881 de
925 1815 1160 1898 gladiatoribus
1175 1817 1219 1882 D.
1236 1815 1343 1896 Bruti,
1368 1815 1408 1881 de
1423 1816 1566 1881 tumultu

347 1922 481 1988 caedem
509 1919 664 1988 Caesaris
699 1922 885 2003 subsecuto,
921 1922 960 1988 de
994 1923 1073 2006 fuga
1109 1921 1264 1989 Caesaris
1294 1919 1490 2007 amicorum,
1525 1920 1566 1987 de

346 2027 453 2110 urbis,
488 2047 562 2094 cum
585 2027 741 2095 Caesaris
776 2048 894 2110 corpus
919 2030 1049 2097 domum
1072 2030 1260 2111 referretur,
1296 2033 1387 2096 statu
1410 2028 1566 2095 certiores

347 2135 428 2202 facti
450 2153 572 2218 sumus,
607 2135 665 2218 ita,
702 2154 786 2218 quae
814 2136 854 2202 de
878 2137 1029 2204 contione
1051 2137 1096 2204 M.
1120 2137 1219 2204 Bruti
1242 2137 1388 2219 exhibet,
1416 2135 1566 2219 quamvis

347 2241 469 2324 partim
490 2242 631 2324 librarii,
666 2243 788 2325 partim
811 2244 1012 2326 excerptoris
1037 2245 1133 2327 culpa
1155 2246 1294 2311 lacunae
1318 2245 1402 2311 duae
1425 2246 1567 2325 exstent,

348 2353 460 2415 tamen
487 2349 556 2415 eius
579 2349 667 2416 modi
690 2354 777 2431 sunt,
800 2354 839 2415 ut
857 2349 948 2417 dicas
971 2353 1024 2417 vel
1046 2352 1080 2416 in
1102 2351 1153 2434 his
1177 2351 1321 2434 reliquiis
1344 2350 1567 2432 incorruptam

347 2474 457 2522 rerum
479 2457 670 2525 memoriam
692 2478 798 2540 neque
820 2459 894 2525 ullis
919 2458 1082 2524 erroribus
1106 2459 1324 2526 detrectatam
1346 2457 1439 2523 nobis
1455 2471 1566 2523 serva-

348 2567 417 2629 tam
441 2582 523 2630 esse.

436 2670 488 2737 Ibi
515 2672 616 2753 enim,
650 2677 825 2756 postquam
849 2677 1020 2740 narratum
1044 2677 1095 2738 est
1118 2672 1344 2739 interfectores
1369 2669 1568 2752 Capitolium

351 2957 445 3012 antem
462 2956 565 3013 iterum
581 2956 698 3012 Antonii
716 2957 808 3028 gratia
827 2956 996 3028 repugnavit
1014 2956 1099 3027 (Plut.
1119 2955 1138 3012 l.
1150 2956 1169 3010 l.
1190 2947 1241 3024 εἶξε
1259 2953 1287 3008 δὲ
1308 2954 1422 3028 Βροῦτος
1440 2954 1481 3009 καὶ
1499 2973 1568 3008 συνε-

351 3046 468 3118 χώρησε,
487 3086 495 3102 .
514 3086 522 3102 .
542 3043 658 3118 δεύτερον
671 3043 789 3119 ἁμαρτεῖν
808 3045 890 3100 δοκῶν
910 3085 917 3100 .
939 3042 1005 3102 ,καὶ
1024 3088 1032 3102 .
1051 3087 1058 3100 .
1078 3039 1159 3099 αἰτίαν
1178 3043 1251 3116 ἔσχεν
1268 3047 1313 3098 τοῦ
1326 3041 1419 3105 παντὸς
1432 3044 1569 3117 σφαλῆναι.

423 3134 444 3204 ¹)
462 3135 609 3191 Drumann
636 3152 671 3192 ex
698 3136 751 3193 hoc
777 3135 839 3192 loco
862 3135 994 3206 colligere
1017 3135 1106 3191 voluit
1124 3133 1288 3192 Ciceronem
1305 3134 1416 3205 vesperi
1440 3133 1470 3189 in
1489 3132 1569 3205 Capi-

350 3223 419 3280 tolio
447 3240 542 3280 eoram
558 3224 784 3282 interfectoribus
803 3225 959 3295 consuisse,
978 3227 1106 3281 senatum
1124 3224 1263 3295 extemplo
1283 3223 1489 3280 convocandum
1508 3239 1570 3278 esse

351 3316 389 3385 (p.
411 3315 470 3384 83),
489 3313 615 3370 Atticum
638 3315 732 3370 autem
755 3312 884 3386 obsequii
903 3330 970 3384 erga
989 3313 1152 3370 Ciceronem
1171 3329 1255 3369 causa
1273 3329 1325 3369 sua
1342 3312 1428 3368 verba
1447 3313 1569 3368 locutum

352 3419 424 3472 csse,
443 3419 506 3459 cum
525 3404 639 3459 senatus
658 3403 818 3459 consultum
837 3402 872 3459 de
891 3401 988 3459 funere
1008 3402 1136 3460 Caesaris
1157 3401 1262 3458 factum
1279 3401 1449 3458 innotuisset
1466 3403 1503 3472 (p.
1517 3401 1572 3468 95).

354 3491 411 3548 Sed
430 3492 548 3548 sirecte
568 3492 653 3548 verba
670 3491 720 3547 illa
738 3491 859 3563 abrupta
875 3493 1052 3563 interpretor,
1072 3493 1164 3562 agitrm
1182 3489 1217 3546 de
1236 3489 1375 3561 colloquio
1393 3489 1462 3546 satis
1474 3489 1571 3545 turbu-

351 3581 427 3638 lento
450 3582 524 3638 inter
543 3579 706 3638 Ciceronem
725 3584 753 3638 et
770 3582 896 3638 Atticum
914 3582 1002 3650 facto,
1030 3582 1079 3638 ubi
1097 3571 1218 3652 primurn
1235 3582 1301 3651 post
1318 3577 1447 3647 caedem,
1471 3577 1570 3634 animis

351 3670 476 3727 novitate
502 3671 546 3726 rei
573 3671 658 3727 etiam
684 3671 844 3742 commotis,
871 3670 980 3727 obviam
1005 3669 1148 3726 sibilasti
1171 3671 1245 3725 sunt.
1281 3667 1356 3725 Nam
1378 3669 1410 3724 ut
1429 3666 1571 3724 Ciceronis

351 3761 437 3816 verba
459 3760 506 3816 vix
524 3776 587 3816 eam
604 3776 672 3832 prae
691 3776 722 3816 se
740 3759 834 3816 ferunt
852 3759 987 3832 speciem,
1009 3763 1043 3816 ut
1060 3760 1137 3816 dicas
1158 3774 1222 3814 eum
1240 3758 1309 3814 hace
1326 3757 1356 3813 in
1375 3756 1490 3814 consilio
1509 3772 1571 3812 sua

352 3850 441 3920 sisse,
468 3851 510 3906 ita
528 3849 616 3906 Attici
632 3849 702 3905 milri
720 3849 812 3905 minus
830 3848 939 3921 placide
958 3865 992 3905 cc
1009 3849 1126 3906 remisso
1144 3847 1220 3905 dicta
1237 3846 1367 3904 videntur
1385 3862 1459 3916 esse,
1488 3862 1572 3918 quam

351 3937 531 3995 vehementer
548 3941 578 3995 et
595 3939 732 3996 concitate
749 3938 939 4010 pronuntiate.

424 4029 446 4097 ²)
465 4027 527 4084 Nic.
556 4029 598 4085 25.
618 4027 752 4101 διαδρομαὶ
775 4026 892 4100 δἐὐρεῖαι
915 4027 979 4102 ἦσαν
998 4026 1023 4081 ἔν
1042 4045 1069 4079 τε
1088 4025 1145 4088 ταῖς
1165 4023 1233 4088 ὁδοῖς
1251 4018 1292 4081 καὶ
1310 4025 1365 4079 κατ’
1385 4023 1491 4100 cippis,
1521 4024 1572 4079 διε-

352 4115 490 4184 ξελθόντος
516 4116 567 4191 ἤδη
595 4120 639 4171 τοῦ
667 4117 743 4190 λόγου
766 4115 801 4179 εἷς
819 4114 848 4170 τὸ
867 4115 978 4190 πλῆθος,
997 4113 1036 4169 ὅτι
1055 4111 1160 4190 oquqelq
1183 4113 1292 4189 Καῖσαρ,
1320 4112 1394 4187 ἐῴκει
1412 4133 1439 4168 τε
1458 4115 1474 4189 ἡ
1495 4115 1570 4178 πόλις

352 4205 515 4278 ἁλισκομένῃ.
534 4208 563 4263 et
580 4204 653 4262 Plut.
672 4206 749 4263 Brut.
771 4209 811 4263 18.
830 4208 856 4263 3.

424 4295 446 4365 ³)
464 4297 484 4352 t
504 4294 550 4351 Vl.
568 4293 658 4367 praei.
676 4311 705 4366 p.
723 4294 758 4352 V:
781 4294 856 4363 „Das
875 4294 1043 4366 Schwiorige
1061 4294 1154 4352 wollte
1172 4294 1217 4351 ich
1235 4293 1315 4353 nicht
1332 4295 1485 4368 umgehen,
1515 4294 1574 4351 und

355 4401 385 4440 oe
405 4385 573 4455 wenigstens
592 4383 638 4440 fiir
656 4383 771 4440 beseero
783 4382 1003 4441 Forscherodor
1014 4385 1177 4455 ginsligere
1189 4383 1287 4441 Zeiten
1298 4383 1476 4458 bezeichnen,
1494 4401 1574 4442 wenn

352 4473 446 4531 meino
463 4472 562 4531 Krtfte
582 4473 639 4530 und
656 4473 747 4531 Mittel
765 4473 843 4530 nicht
860 4474 1047 4532 zureichten.“
