3482 5098
817 356 1038 420 ..36-

323 554 453 638 temtor
476 551 524 619 Sit
550 549 659 633 pergit
682 549 764 634 (28)ἱ
800 556 881 618 Μετὰ
895 556 925 616 δὲ
939 555 1058 617 θάνατον
1080 555 1126 618 καὶ
1139 555 1250 635 κηδείαν
1270 558 1318 618 τοῦ
1340 557 1460 636 μεγάλου
1476 557 1544 619 Καί·

323 691 404 749 capo<
425 711 432 732 .
452 707 464 732 ,
484 657 648 745 (Schmidt
670 658 690 725 l.
714 658 735 724 l.
759 678 791 740 p.
815 654 906 743 679)ι

411 767 521 834 Huius
538 764 738 833 narrationis
755 765 783 832 si
799 783 960 832 summam
977 769 1175 848 spectamus,
1199 765 1341 832 secundo
1363 765 1415 833 die
1428 767 1549 850 Lepidi

323 875 468 945 adventu
492 873 601 940 omnia
623 876 754 940 mutata
776 877 867 956 sunt;
891 891 969 938 nam
989 891 1063 939 oum
1085 871 1191 955 primo
1214 871 1266 939 die
1288 891 1342 939 res
1366 873 1545 942 amicorum

324 982 479 1052 Caesaris
502 983 599 1064 plane
621 978 822 1066 iacuisset1),
846 979 988 1047 secundo
1012 979 1064 1046 die
1086 979 1231 1063 Lepidus
1255 999 1330 1046 cum
1352 981 1454 1064 copiis
1477 983 1545 1049 suis

323 1091 436 1159 urbem
458 1088 597 1157 intravit
620 1091 654 1155 et
676 1087 782 1154 forum
805 1084 1024 1173 occupavit.)

396 1179 449 1260 ¹Si
471 1183 582 1246 autem
606 1175 735 1260 singula
757 1177 991 1260 percurrimus,
1019 1177 1082 1243 hoc
1104 1176 1172 1243 fere
1194 1176 1291 1243 modo
1314 1195 1387 1244 sese
1414 1197 1467 1244 res
1490 1178 1545 1245 illo

324 1289 376 1358 die
399 1286 567 1369 excepisse
589 1285 755 1353 videntur:

345 1430 347 1434 ·
412 1394 557 1477 Lepidus
585 1393 715 1476 vesperi
736 1393 849 1460 Idibus
872 1393 991 1476 legatis
1020 1393 1268 1459 interfectorum
1299 1411 1379 1460 ase
1405 1394 1548 1462 dimissis

324 1502 456 1570 minime
477 1519 593 1584 pacem
620 1501 783 1585 cogitans,
819 1501 878 1566 sed
901 1498 1079 1568 Caesarem
1114 1500 1228 1568 rdoisci
1261 1500 1324 1568 sibi
1350 1520 1546 1586 proponere,

324 1609 483 1696 postridie
515 1609 585 1675 sine
620 1609 687 1675 ulla
709 1607 914 1676 dubitatione
949 1626 1022 1674 cum
1044 1626 1166 1693 magne
1200 1626 1301 1675 manu
1327 1608 1468 1676 militum
1489 1631 1546 1693 po-

324 1718 462 1786 merium
485 1721 712 1800 transgressus
746 1715 780 1781 in
803 1716 874 1782 foro
910 1718 1022 1783 castra
1056 1715 1167 1798 posuit
1189 1717 1408 1801 popidumque
1432 1722 1548 1791 contra

324 1826 552 1894 interfectores
576 1823 775 1891 solhcitavit.

420 1930 503 1998 Oum
527 1935 637 1999 autem
660 1931 888 1998 incorrectores
912 1930 992 1997 nihil
1020 1931 1084 2013 ipsi
1107 1931 1282 2014 auderent,
1311 1932 1424 1998 sedin
1449 1931 1547 2016 Capi-

326 2041 405 2108 toho
428 2039 593 2121 sederent,
629 2038 812 2124 quicunque
835 2041 932 2104 nocte
954 2038 1219 2120 haesitaverant,
1254 2038 1371 2121 quihus
1398 2041 1548 2122 partibus

325 2167 398 2216 sese
422 2147 640 2230 applicarent,
669 2146 711 2213 ad
733 2145 895 2228 Lepidum
919 2149 953 2211 et
974 2143 1173 2228 Antonium,
1197 2146 1253 2228 qui
1276 2146 1420 2230 etipse,
1454 2148 1549 2215 utin

326 2255 483 2336 tumultu,
518 2273 611 2321 arma
634 2252 832 2337 induerat3),
868 2272 941 2319 cum
970 2252 1070 2319 armis
1099 2252 1340 2336 confluxerunt,
1376 2259 1411 2321 et
1432 2256 1485 2322 vel
1508 2257 1548 2339 ei,

327 2362 382 2448 qui
404 2363 509 2446 primo
533 2361 598 2444 die,
618 2360 803 2444 perterritis
827 2361 927 2428 etiam
953 2358 1107 2427 Caesaris
1132 2360 1261 2444 amiciS,
1284 2361 1549 2430 interfectoribus

327 2471 558 2553 adhaeserant,
583 2470 626 2537 ad
650 2488 705 2536 eos
730 2469 927 2536 defecerunt.
1427 2475 1431 2486 ·

414 2579 461 2646 Hi
484 2582 594 2645 autem
617 2581 793 2645 veteranos
816 2577 1023 2659 potissimum
1047 2580 1278 2659 evocaverunt,
1302 2577 1336 2644 in
1359 2578 1549 2644 memoriam

327 2688 374 2754 eis
390 2691 596 2770 revocantes,
619 2688 745 2769 quanta
759 2684 918 2752 beneficia
933 2703 954 2751 a
971 2683 1115 2751 ansare
1132 2684 1347 2767 accepissent,
1364 2689 1552 2768 metumque

328 2795 375 2863 eis
397 2793 579 2876 inicientes,
603 2812 644 2860 ne
667 2792 719 2859 his
743 2793 891 2859 omnibus
916 2792 958 2859 ab
980 2791 1244 2859 interfectoribus
1267 2792 1487 2875 privarentur.

415 2904 487 2970 Nec
509 2903 614 2968 solum
638 2919 694 2968 eos
709 2885 885 2968 veteranos
902 2903 1133 2982 evocaverunt,
1157 2900 1261 2984 quiin
1276 2901 1356 2967 urbe
1379 2904 1449 2967 tum
1464 2900 1551 2968 forte

329 3011 482 3092 aderant,
517 3010 575 3077 sed
597 3008 721 3076 nuntiis
745 3008 854 3074 missis
878 3008 979 3074 etiam
1002 3026 1058 3074 eos
1082 3008 1339 3091 arcessiverunt,
1368 3007 1423 3090 qui
1449 3029 1550 3092 prope

328 3119 441 3186 urbem
464 3116 674 3199 habitabant
710 3116 766 3199 qui
789 3134 901 3182 omnes
925 3115 1067 3182 Romam
1094 3114 1350 3200 festinaverrmt,
1386 3118 1427 3184 ab
1450 3116 1550 3184 inter-

328 3225 505 3293 fectoribus
529 3222 684 3292 Caesaris
707 3242 847 3307 poenam
870 3222 1052 3305 repetituri.

415 3331 497 3399 Inde
521 3350 594 3397 cum
616 3349 755 3414 magnus
779 3331 942 3397 exercitus
965 3330 1073 3397 factus
1097 3334 1200 3412 esset,
1223 3331 1258 3396 in
1280 3331 1345 3397 fine
1367 3330 1463 3397 huius
1487 3330 1551 3398 diei

328 3441 358 3508 is
382 3443 455 3508 erat
477 3458 586 3506 rerum
610 3442 734 3521 status,
769 3438 896 3506 utiam
923 3439 1033 3521 palam
1061 3438 1225 3506 diceretur
1248 3437 1427 3506 Caesarem
1453 3438 1550 3506 rucis-

330 3548 467 3616 cendum
490 3566 574 3630 esse,
598 3550 633 3614 et
654 3547 747 3614 nefas
771 3565 854 3629 esse,
878 3547 1012 3614 caedem
1035 3546 1104 3614 eius
1126 3547 1322 3629 impunitam
1345 3547 1462 3615 sinere.

419 3654 585 3722 Antonius
601 3657 722 3737 autem,
746 3654 823 3721 dum
838 3654 981 3721 nondum
996 3654 1150 3736 habehat,
1167 3673 1231 3736 quo
1246 3654 1417 3736 niteretur,
1433 3653 1551 3740 legatis

330 3762 439 3831 missis
464 3782 537 3829 oum
552 3761 818 3830 interfectoribus
841 3761 876 3829 in
891 3761 1056 3844 Capitoho
1072 3761 1265 3846 degentibus
1281 3762 1460 3830 collocutus
1484 3768 1550 3845 est;

332 3890 405 3938 oum
428 3874 539 3938 autem
561 3870 613 3937 his
634 3865 842 3938 multitudine
861 3874 1093 3938 veteranorum
1117 3870 1159 3937 ab
1182 3871 1254 3953 ipso
1278 3873 1312 3936 et
1326 3869 1452 3952 Lepido
1476 3889 1551 3938 evo-

403 4029 426 4099 ι)
453 4028 551 4086 Liceat
577 4029 608 4085 in
625 4029 788 4086 memorium
809 4044 940 4086 revocare
959 4028 1123 4086 Ciceronem
1149 4028 1293 4102 deprimo
1316 4027 1362 4085 die
1385 4027 1478 4086 dicere
1505 4029 1552 4099 (ed

331 4117 390 4176 Att.
399 4117 472 4176 XIV.
492 4119 550 4188 10):
570 4118 624 4188 „Di
641 4118 822 4188 immortales,
841 4135 913 4191 quae
931 4120 991 4176 tum
1009 4135 1095 4190 opera
1113 4117 1185 4175 effici
1201 4120 1362 4191 potuerunt,
1381 4117 1552 4176 laetantibus

331 4207 460 4264 omnibus
478 4207 568 4276 honis,
586 4208 672 4264 etiam
690 4209 735 4265 sat
752 4209 843 4279 bonis,
860 4207 956 4265 fractis
974 4207 1164 4266 latronibus!“

331 4357 333 4363 ,
405 4299 426 4368 ²)
454 4295 488 4353 cf.
508 4296 593 4353 etiam
604 4296 657 4354 Dio
676 4299 720 4354 22.
739 4299 764 4354 2.
783 4295 918 4360 ὁΛέπῑῦος
938 4295 1028 4372 μαθὼν
1048 4296 1080 4351 τὰ
1097 4297 1249 4373 ηεηενημὲνα
1266 4299 1313 4371 την
1332 4315 1360 4351 τε
1379 4293 1471 4372 ἀηορὰν
1490 4294 1553 4369 μετὰ

331 4390 383 4439 τῶν
403 4390 551 4461 σρατιωτῶν
575 4392 622 4459 τῆς
646 4384 734 4446 νυκτός
752 4385 876 4459 κατέλαβε
899 4378 941 4442 καὶ
963 4384 1027 4441 κατὰ
1052 4391 1105 4440 τῶν
1133 4386 1249 4462 sparton
1273 4385 1325 4460 ἅμα
1343 4385 1377 4460 ἕῳ
1400 4384 1553 4459 ἐδημηγόρει

404 4475 425 4544 ⁸)
452 4473 530 4532 Idem
548 4473 705 4546 significare
722 4475 834 4558 videtur
850 4476 998 4549 Appianas
1017 4476 1106 4548 (130),
1130 4492 1194 4534 cum
1216 4475 1251 4534 de
1273 4475 1361 4534 lorica
1378 4472 1494 4534 monii
1512 4473 1552 4530 lo·
1579 4515 1585 4524 -

332 4565 441 4638 quattu.
477 4563 521 4622 De
539 4565 600 4623 tota
616 4563 670 4623 hae
686 4564 847 4623 narratione
865 4580 915 4622 suo
934 4564 994 4624 loco
1013 4579 1188 4640 quaeremus.
