3482 5098
799 329 930 397 ..24
975 370 1019 380 ..

289 515 292 519 ’
385 527 458 594 123.
506 527 601 594 Talia
630 524 781 592 Cassium
818 529 851 591 et
873 525 1015 592 Brutum
1049 526 1176 592 locutos
1213 525 1285 594 esse
1320 530 1354 593 et
1389 526 1513 593 redisse

293 654 407 703 rursus
430 634 465 700 in
482 633 692 717 Capitolium,
715 634 857 700 nondum
882 633 1081 700 confidentes
1106 635 1235 716 populo.
1275 632 1411 700 Amicos
1434 653 1513 701 vero

294 747 328 809 et
349 742 548 825 propinquos
572 761 684 808 corum
707 748 778 807 tum
802 741 931 808 demum
951 741 985 806 in
1009 739 1207 822 Capitolium
1229 742 1277 807 ire
1300 742 1456 824 potuisse,
1481 744 1515 808 et

295 854 424 916 creatos
448 868 531 931 esse,
556 849 612 931 qui
635 849 677 915 ad
691 849 853 930 Lepidum
877 853 909 914 et
934 847 1117 914 Antonium
1139 849 1349 916 mitterentur
1373 850 1413 916 de
1437 868 1512 915 con-

293 956 405 1023 cordia
440 960 475 1022 et
507 956 547 1022 (11
576 955 784 1038 suscipienda
820 973 899 1021 cura
934 954 1097 1021 libertatis
1134 961 1168 1022 et
1201 956 1241 1022 de
1275 956 1513 1039 praecavendis

292 1064 388 1131 malis
412 1063 484 1130 urbi
506 1063 717 1145 instantibus,
741 1062 912 1128 nisiinter
936 1081 971 1128 se
995 1063 1227 1129 consentirent.

383 1169 490 1252 Quam
502 1170 648 1253 Appiani
663 1169 886 1236 narrationem
902 1169 931 1234 si
946 1169 1012 1235 iam
1028 1169 1223 1236 conferimus
1239 1189 1313 1237 cum
1324 1170 1514 1238 narratione

293 1277 476 1361 Plutarchi,
510 1278 590 1344 illud
612 1277 752 1359 primum
775 1277 868 1342 nobis
892 1276 1044 1358 occurrit,
1072 1275 1263 1359 Appianum
1286 1277 1400 1360 multa,
1429 1297 1512 1361 quae

293 1385 423 1469 quidem
445 1385 479 1451 in
502 1385 575 1451 vita
596 1383 694 1450 Bruti
716 1384 868 1467 neglecta
890 1387 995 1466 erant,
1018 1387 1108 1450 recte
1132 1384 1319 1452 adnotasse.

381 1493 468 1558 Nam
484 1511 557 1558 cum
568 1491 768 1558 Plutarchus
785 1495 819 1557 et
834 1495 1023 1557 senatorum
1039 1491 1072 1557 in
1086 1489 1285 1574 Capitolium
1302 1511 1474 1560 ascensum
1489 1495 1511 1579 ¹)

293 1603 326 1667 et
348 1599 505 1681 impetum
528 1599 562 1665 in
579 1597 718 1665 Cinnam
740 1599 865 1664 sactum
880 1616 1034 1680 perverse
1051 1603 1198 1681 tempore
1213 1600 1322 1681 priore
1337 1600 1510 1682 posuisset,

293 1705 468 1789 Appianus
502 1725 568 1774 non
603 1707 707 1773 solum
735 1705 886 1772 contione
909 1709 1047 1772 narrata
1080 1707 1211 1789 proprie
1246 1708 1513 1775 commemoravit

292 1814 414 1881 amicos
431 1818 502 1880 tum
517 1814 646 1880 demum
661 1813 695 1878 in
712 1811 912 1895 Capitolium
929 1814 1106 1880 ascendere
1122 1812 1314 1896 potuisset
1339 1815 1511 1881 sedetiam

292 1923 332 1989 de
354 1922 479 2004 impetu
507 1925 623 1987 contra
647 1919 785 1986 Cinnam
815 1920 848 1985 in
876 1925 1028 1987 senatum
1058 1926 1189 1987 euntem
1216 1922 1304 1987 facto
1333 1922 1513 1989 luculenter

292 2029 474 2116 adnotavit,
498 2029 561 2094 hoc
576 2027 716 2111 primum
732 2028 914 2110 exemplum
930 2028 1030 2095 fuisse
1053 2047 1152 2095 verae
1167 2029 1279 2111 populi
1302 2029 1342 2095 de
1358 2029 1511 2097 Caesaris

293 2135 393 2202 caede
415 2135 609 2201 sententiae.
625 2133 651 2220 ³)
696 2135 857 2216 Equidem
879 2136 942 2201 hcc
964 2135 1020 2202 vix
1043 2136 1136 2203 casui
1158 2136 1337 2203 tribuerim.

380 2241 548 2324 Atquehis
556 2241 685 2323 quidem
697 2241 1086 2325 duobuslocisAppianus
1098 2244 1169 2310 sine
1181 2243 1278 2310 dubio
1289 2243 1511 2327 incorruptam

295 2368 404 2416 rerum
427 2349 619 2415 memoriam
642 2350 828 2416 felicissime
843 2350 937 2416 nobis
961 2370 1001 2416 ex
1017 2348 1135 2416 Asinio
1150 2351 1299 2418 Pollione
1316 2352 1512 2439 servavit34)

293 2456 380 2539 quod
414 2460 525 2523 autem
561 2457 649 2538 apud
675 2456 893 2523 Plutarchum
928 2457 1092 2539 proditum
1126 2459 1356 2527 inveneramus
1392 2461 1510 2542 populo

292 2567 491 2647 congregato
508 2563 621 2646 fuisse,
644 2564 700 2646 qui
715 2564 856 2630 Brutum
870 2565 1045 2631 laudarent
1058 2570 1092 2632 et
1107 2566 1304 2633 descendere
1319 2567 1478 2649 iuberent,
1487 2567 1510 2651 5)

292 2672 380 2737 hunc
414 2671 544 2753 quidem
579 2690 723 2737 errorem
750 2669 924 2753 Appianus
959 2671 1089 2754 vitavit,
1123 2677 1161 2739 ut
1195 2675 1343 2741 crederet
1369 2674 1511 2740 Brutum

293 2778 413 2845 civium
436 2777 729 2845 acclamationibus
753 2779 793 2844 (11
817 2777 981 2860 Capitoho
1004 2783 1159 2846 vocatum
1183 2800 1266 2864 esse,
1291 2781 1404 2848 sedin
1428 2781 1510 2848 alios

292 2904 420 2952 errores
444 2904 517 2952 sese
541 2885 722 2967 imphcavit
745 2904 849 2968 paene
873 2885 1125 2953 inextricabiles.

381 2992 474 3059 Dicit
512 2993 598 3058 enim
634 2992 915 3076 interfectoribus,
953 2993 1009 3059 ubi
1045 2994 1080 3059 in
1119 2993 1318 3078 Capitolium
1356 2997 1510 3080 fugerint,

290 3100 453 3182 placuisse
476 3100 624 3166 homines
647 3100 681 3165 in
703 3119 799 3166 usum
822 3117 916 3166 suum
940 3101 1134 3169 conducere:
1171 3103 1388 3185 aequoniam
1414 3105 1448 3170 in
1472 3125 1510 3171 1ο

292 3208 425 3275 consilio
450 3208 637 3275 disserendo
655 3208 775 3275 diutius
792 3213 1013 3275 commoratus
1029 3213 1090 3292 est,
1113 3211 1252 3292 primum
1268 3211 1397 3293 quidem
1413 3213 1510 3295 paulo

290 3315 478 3382 accuratius
501 3315 681 3400 videamus
705 3334 790 3398 quae
813 3316 853 3382 (11
877 3335 915 3382 11
940 3317 1097 3384 attulerit.

378 3422 528 3490 Excusat
551 3422 636 3488 enim
660 3423 755 3505 quasi
778 3422 1017 3506 interfectores
1052 3443 1125 3491 cum
1148 3425 1237 3491 dicat
1260 3445 1316 3491 eos
1340 3427 1511 3494 bonafide

290 3530 467 3596 credidisse
489 3530 632 3612 reliquos
661 3531 844 3612 exemplum
868 3549 991 3614 eorum,
1020 3531 1075 3613 qui
1097 3532 1221 3598 factum
1247 3533 1430 3617 laudarent,
1459 3555 1509 3602 sc-

362 3689 384 3758 ¹)
404 3685 440 3749 ιῖνς
459 3685 517 3740 οὔτε
536 3687 613 3760 φόνος
641 3685 722 3749 ἄλλος
752 3688 799 3760 (sc.
820 3690 932 3760 praeter
950 3689 1063 3746 caedem
1082 3688 1221 3761 Caesaris)
1249 3688 1306 3744 οὔθ’
1326 3689 1423 3766 ἁρπαγή
1442 3709 1509 3752 τινος

290 3774 382 3852 ἐγίνετο
396 3781 447 3830 τῶν
466 3775 595 3849 κειμένων,
614 3773 770 3854 θαρῤοῦντες
788 3777 915 3852 ἀνέβαινον
928 3775 953 3832 οἴ
969 3797 996 3832 τε
1011 3775 1140 3852 βουλευταὶ
1158 3778 1198 3834 καὶ
1216 3785 1267 3833 τῶν
1285 3780 1405 3856 δημοτῶν
1418 3775 1511 3838 πολλοὶ

289 3863 352 3942 πρὸς
370 3861 430 3927 τοὺς
449 3862 543 3938 ἄνδρας
563 3858 599 3927 εἰς
617 3864 646 3920 τὸ
667 3864 836 3926 Καπιτώλιον,

360 3955 383 4027 ¹)
402 3955 454 4013 123
472 3952 523 4007 τῶν
543 3951 663 4008 δὀἰκείων
682 3971 752 4030 σφισι
778 3951 820 4011 καὶ
843 3955 965 4032 correctio
992 3955 1062 4010 τότε
1090 3961 1212 4032 πρῶτον
1232 3958 1258 4021 ἐς
1282 3957 1310 4014 τὸ
1336 3959 1402 4034 ἱερὸν
1421 3961 1509 4018 ἐλθεῖν

288 4043 351 4119 πρὸς
370 4039 463 4108 αὐτοὺς
482 4042 642 4114 δυνηθέντων
661 4088 667 4101 .
688 4087 694 4100 .

360 4135 382 4203 ³)
403 4137 453 4192 126
472 4137 564 4188 τοῦτο
584 4132 627 4208 μὲν
647 4133 679 4205 δὴ
697 4139 822 4207 πρῶτον
841 4134 913 4209 ἔργον
932 4131 1075 4215 παρ’ῥησὶας
1093 4135 1171 4211 ἦρξεν
1190 4137 1229 4190 set
1246 4142 1282 4209 cip
1301 4138 1420 4213 Καίσαρι.

362 4225 383 4292 ⁴)
404 4223 466 4280 Huc
489 4224 575 4280 etiam
596 4224 743 4282 referenda
762 4227 840 4292 sunt,
864 4241 935 4296 quac
953 4223 1100 4296 Appianas
1124 4225 1159 4282 (11
1176 4227 1342 4285 Dolabellae
1364 4231 1511 4288 consulatu

289 4312 380 4384 dequo
404 4313 462 4368 eius
486 4313 611 4369 oratione
635 4314 754 4371 exhibet.
798 4313 890 4386 (Quod
917 4313 997 4370 dicit:
1026 4310 1073 4370 εἰοὶ
1096 4307 1149 4369 δὀἳ
1168 4309 1210 4370 καὶ
1237 4317 1350 4391 'tripodem
1374 4319 1447 4375 αὐτὸν
1470 4321 1508 4382 ἐς·

289 4399 434 4474 ηῖήσαοθαι
449 4443 473 4458 ..
487 4396 548 4458 sin'c
572 4401 656 4459 dubio
674 4405 731 4459 iam
749 4404 824 4475 apud
842 4403 971 4460 Asinium
989 4402 1144 4461 Pollionem
1162 4406 1309 4478 exstabat).

361 4490 382 4562 Ι)
402 4489 567 4544 ἐπαινούντων
587 4492 754 4546 uuiltoniam
775 4492 901 4567 βοώντων.
