3482 5098
685 308 906 372 ..33-

209 567 211 570 ,
281 499 526 568 Mandaverunt
560 501 672 568 eutem
705 501 842 586 legatis,
876 505 915 567 ut
942 499 1089 569 Antonio
1124 506 1160 570 et
1179 502 1306 586 Lepido
1340 524 1416 588 per-

193 606 385 690 suaderent,
420 611 458 673 ut
480 606 523 674 ad
545 607 634 690 ipsos
657 608 692 674 in
716 605 923 691 Capitolium.
938 609 1103 692 venhent,
1137 613 1173 677 et
1200 612 1416 692 communiter

85 759 88 766 ‚
193 733 267 782 oum
290 714 371 796 ipsis
394 715 435 781 de
456 714 665 797 reipubhcae'
678 717 785 782 1111111
808 716 1035 784 deliberarent.
1081 715 1177 799 Quod
1198 737 1262 800 quo
1285 716 1414 787 facilius

191 822 419 905 impetrarent,
440 822 679 905 promittebant
700 843 748 907 se,
772 842 985 906 quaecunque
1000 824 1047 890 illi
1070 823 1254 892 aCaesare
1276 831 1415 908 accepta

193 935 437 1014 tenerent,·pro
460 931 555 997 donis
577 936 654 998 rata
672 930 844 998 habituros
868 950 951 1016 esse,
975 951 1015 998 ne
1031 932 1148 999 horum
1170 933 1288 999 saltem
1311 952 1414 1001 cansa

192 1038 404 1108 dissentirent
425 1037 514 1121 (Nic.
538 1038 618 1124 21).

233 1212 236 1216 .
280 1146 429 1214 Vidimus
452 1147 518 1212 iam
541 1146 768 1213 interfectores
792 1147 978 1228 speravisse
1007 1153 1158 1214 senatum
1185 1148 1220 1214 in
1248 1149 1340 1216 curia
1362 1169 1414 1216 re-

191 1258 379 1324 manentem
402 1257 480 1320 acta
503 1252 657 1320 Caesaris
680 1255 896 1320 rescissorum
920 1273 993 1320 esse
1016 1254 1152 1341 (p.12):
1179 1256 1414 1338 sedquoniam

190 1367 274 1432 haec
291 1382 372 1445 spes
396 1381 453 1428 eos
475 1361 647 1445 fefellerat,
671 1361 819 1427 Antonio
843 1367 877 1428 et
896 1362 1022 1445 Lepido
1046 1363 1138 1445 pacis
1162 1369 1196 1430 et
1219 1364 1413 1432 concordiae

191 1489 293 1552 eausa
321 1470 498 1537 concedere
533 1469 641 1536 eoacti
667 1475 759 1553 sunt,
797 1477 837 1536 ut
865 1474 943 1537 acta
971 1469 1127 1538 Caesaris
1143 1455 1375 1540 servarentur.
1385 1471 1412 1558 ¹)

193 1577 288 1662 Quod
303 1583 342 1645 ut
356 1577 594 1661 quodammodo
608 1576 811 1662 obtegerent,
827 1578 980 1645 dicebant
996 1598 1042 1661 se,
1063 1598 1273 1662 quoscunque
1286 1579 1412 1647 Caesar

190 1688 329 1754 honores
353 1686 400 1752 eis
424 1685 577 1770 dedisset,
600 1704 660 1768 pro
684 1686 777 1752 donis
800 1687 971 1753 habituros
996 1705 1069 1752 esse
1091 1685 1179 1774 (Nic.
1201 1689 1223 1754 l.
1247 1686 1295 1773 1.).
1354 1703 1359 1707 ·

280 1792 365 1860 Cum
386 1793 437 1860 his
464 1793 629 1860 mandatis
652 1794 754 1877 legati
777 1813 850 1860 sero
878 1794 944 1861 iam
971 1795 1102 1877 vesperi
1118 1792 1212 1881 (Nic.
1235 1796 1257 1861 l.
1280 1797 1317 1863 l.:
1351 1804 1412 1884 περὶ

189 1911 280 1990 tedes
301 1909 393 1990 ὀψίαν)
418 1902 460 1968 11
476 1900 659 1968 Antonium
682 1906 717 1968 et
730 1902 893 1985 Lepidum
916 1903 1048 1969 iverunt
1071 1921 1192 1986 eosque
1214 1903 1411 1986 implorare*

188 2016 276 2094 runt,
299 2011 424 2077 factum
447 2027 522 2075 non.
535 2009 709 2076 laudantes
734 2010 880 2092 quidem,
905 2010 963 2076 sed
986 2011 1140 2092 quoniam
1163 2011 1287 2077 facturn
1312 2014 1410 2094 esset,

189 2119 356 2186 ferendum
372 2136 446 2184 esse
462 2122 644 2201 censentes,
660 2117 885 2184 misericordia
900 2137 1023 2201 eorum,
1040 2119 1144 2200 quiid
1160 2117 1409 2202 commisissent,

147 2306 149 2310 ,
189 2232 223 2295 11
235 2225 507 2309 consideratione,
523 2231 649 2308 quanta
662 2226 835 2292 calamitas
849 2225 939 2291 urbis
956 2226 1138 2293 exhaustae
1154 2226 1410 2294 dissensionibus

189 2334 336 2401 ciuilibus
360 2332 522 2402 continuis
544 2333 645 2416 foret,
680 2334 709 2400 si
731 2334 784 2411 vel
817 2333 960 2414 reliquos
995 2335 1100 2399 bonos
1132 2334 1222 2400 viros
1249 2335 1409 2401 tumultus

188 2443 377 2525 impendens
401 2440 568 2524 perderet3
604 2443 656 2507 vel
691 2442 720 2507 si
753 2440 954 2523 implacabili
988 2442 1146 2508 adversus
1180 2441 1407 2508 interfectores

189 2551 261 2617 odio
296 2555 425 2634 essent,
464 2555 502 2615 ut
536 2549 575 2620 in.
609 2550 777 2632 praesenti
821 2550 939 2616 saltem
981 2549 1169 2616 inimicitias
1209 2550 1409 2632 deponerent

188 2657 290 2744 (App.
316 2655 417 2742 lna).

274 2764 440 2832 Antonius
475 2770 586 2832 autem
619 2771 653 2832 et
675 2765 820 2848 Lepidus
838 2785 1041 2850 'responsum
1069 2767 1103 2832 in
1125 2771 1294 2849 posterum
1322 2765 1407 2832 diem

187 2871 428 2960 distulerunt.²)
473 2857 593 2955 Itaque
620 2893 694 2940 cum
716 2875 877 2941 incertum
901 2880 1003 2958 esset,
1038 2874 1116 2957 quid
1143 2874 1178 2939 hi
1205 2877 1314 2939 mente
1338 2874 1406 2958 agi·

186 2986 306 3065 tarent,
330 2982 469 3064 populus
493 2981 644 3048 contione
659 2983 705 3049 M.
721 2980 820 3048 Bruti
842 2982 898 3048 vix
919 2982 1040 3049 certior
1055 2983 1163 3049 factus
1178 2981 1406 3048 interfectores

184 3093 300 3174 pacem
323 3089 421 3172 velle,
457 3108 543 3156 nuno
566 3089 606 3156 de
629 3089 773 3156 consiliis
797 3089 937 3156 Antonii
965 3094 999 3156 et
1021 3089 1139 3172 Lepidi
1166 3094 1256 3155 metu
1280 3109 1405 3156 summo

185 3197 322 3265 affectus
339 3201 391 3264 est
414 3201 448 3263 et
463 3216 522 3280 per
537 3200 643 3264 totam
659 3201 799 3280 noctem,
824 3198 929 3264 denuo
945 3197 1090 3265 incertus
1107 3197 1259 3264 derebus
1276 3197 1405 3278 futuris,

119 3350 121 3354 ψ
184 3305 372 3388 trepidavit.
420 3303 485 3371 Sed
519 3305 554 3371 hi
589 3323 629 3371 ea
663 3305 793 3387 quidem
828 3310 924 3372 nocte
952 3305 1033 3371 nihil
1066 3305 1132 3372 iarn
1161 3309 1312 3388 egerrmt,
1348 3305 1409 3370 sed·

183 3418 316 3495 postero
340 3411 469 3480 demum
492 3412 544 3478 die
568 3411 705 3478 consilia
727 3430 789 3479 sua
812 3413 1048 3496 patefecerunt.

272 3515 456 3587 Audiamus
471 3519 548 3602 iam,
572 3538 657 3602 quae
672 3519 829 3587 Nicolaus
852 3520 892 3586 de
907 3524 1040 3602 postero
1065 3519 1116 3586 die
1139 3519 1293 3586 exhibeat
1315 3517 1402 3606 (27);

270 3627 411 3694 Postero
436 3627 487 3694 die
509 3626 544 3693 in
568 3627 668 3694 armis
696 3626 797 3694 fuisse
819 3625 1001 3694 Antonium
1028 3628 1209 3710 consulem,
1244 3626 1405 3709 Lepidum

184 3803 270 3843 monn
286 3785 385 3843 reiecit
404 3785 439 3858 (p.
455 3787 506 3857 14).
531 3784 628 3856 Immo,
647 3801 711 3842 cum
724 3785 829 3844 Caesar
846 3786 1059 3857 interficeretur,
1075 3786 1105 3842 in
1123 3786 1223 3842 1111111
1236 3785 1404 3842 suburbanis

185 3876 396 3948 crat(p.12.3)
419 3875 515 3949 ibique
533 3873 638 3932 factum
661 3876 796 3947 comperit
813 3875 892 3942 (Zon.
910 3875 943 3932 X.
965 3878 1010 3931 12:
1039 3873 1052 3929 ὁ
1070 3873 1179 3937 Λέπιδος
1198 3873 1223 3928 ἐν
1244 3877 1278 3946 rip
1298 3892 1404 3950 στρατο-

182 3963 250 4038 πέδῳ
269 3963 361 4038 μαθὼν
378 3962 411 4018 τὰ
428 3965 600 4039 γεγενημένα).

197 4110 200 4115 ,
253 4055 274 4124 ¹)
297 4052 383 4110 Paulo
402 4053 515 4110 brevius
530 4048 679 4112 Suetonius
698 4054 727 4111 id
746 4054 892 4126 significat,
911 4054 1174 4124 11111111110111.
1193 4055 1252 4126 83):
1281 4053 1404 4125 „Fuerat

185 4143 294 4200 animus
321 4143 474 4200 coniuratis
493 4185 527 4201 ..
552 4146 616 4201 actu
642 4143 816 4216 rescindere,
846 4144 895 4202 sed
923 4146 1001 4202 metu
1028 4145 1064 4202 ll.
1091 4144 1197 4203 Antoni
1225 4145 1347 4201 consulis
1375 4147 1405 4202 et

181 4233 310 4304 magistri
328 4231 453 4305 equitum
470 4232 571 4306 Lepidi
589 4233 784 4292 destiterunt.“

253 4324 274 4394 ²)
298 4321 360 4378 Nic.
378 4321 398 4378 l.
415 4322 435 4379 l.
453 4324 506 4385 τοῖς
525 4321 549 4376 δ’
572 4323 675 4397 ἣκουσιν
694 4323 797 4386 ἐκείνοις
816 4323 912 4398 ἔφασαν
931 4315 967 4386 εἷς
985 4322 1032 4400 τὴν
1051 4318 1183 4399 ὑστεραίαν
1204 4322 1333 4397 ἀπόκρισιν
1353 4323 1403 4376 δώ-

183 4425 242 4469 σειν,
270 4410 300 4467 11
320 4409 477 4482 significare
503 4412 614 4470 videtur
632 4411 731 4470 Cicero
750 4412 789 4481 [II
806 4412 878 4471 Phil.
897 4417 944 4485 89,
966 4414 994 4486 p.
1015 4417 1045 4470 11
1067 4416 1095 4470 et
1112 4415 1155 4471 32.
1174 4415 1214 4486 4),
1242 4429 1306 4471 cum
1329 4411 1403 4471 dieat

181 4500 289 4572 legatos
306 4501 382 4572 ,isse
399 4499 524 4558 1111111α
541 4502 560 4559 1.
580 4518 604 4558 1.
621 4501 726 4560 iniecta
742 4519 774 4560 re
791 4502 907 4560 redisse.
1223 4587 1239 4641 3
