3482 5098
788 373 1010 438 ..42-

384 567 509 651 Quodsi
532 551 754 633 difficillimum
770 570 843 632 erat
859 579 1067 648 cognoscere,
1091 564 1252 646 quomodo
1268 565 1392 630 factum
1415 567 1514 644 esset,

292 682 330 742 ut
358 676 540 756 Antonius,
575 675 661 739 inter
685 671 839 738 Caesaris
874 672 997 737 amicos
1032 670 1253 752 fidelissimus
1288 668 1515 736 interfectores

292 785 361 850 eins
385 801 519 849 servare
543 781 687 848 animum
710 780 894 860 induceret,
930 778 1018 844 haud
1041 778 1111 845 scio
1139 798 1182 844 an
1205 779 1239 843 in
1266 796 1307 844 ea
1329 776 1515 859 realiquid

291 889 524 973 profecerimus
547 889 676 955 ratione
698 887 814 952 habita
847 905 921 952 cum
943 886 1046 952 Hirtii
1080 885 1263 952 sententiae
1298 883 1513 968 gravissimae

291 1003 361 1063 tum
383 997 523 1062 Antonii
545 995 704 1062 adversus
727 993 889 1076 Lepidum
912 993 1065 1076 propriae
1088 979 1297 1059 condicionis.

307 1121 309 1128 ’
379 1105 453 1170 Hoc
478 1103 506 1169 si
529 1102 723 1186 neglegitur,
746 1102 860 1183 quales
885 1119 1013 1166 errores
1034 1100 1235 1180 exoriantur,
1258 1099 1513 1165 luculentissime

290 1212 475 1278 illustratur
497 1209 688 1276 narratione
710 1207 866 1290 Appiani.

378 1319 465 1384 Nam
488 1317 516 1383 is
537 1316 676 1400 quidem,
700 1315 831 1381 utiam
849 1314 1000 1396 vidimus
1024 1314 1154 1380 ffixerat
1176 1315 1253 1398 (118
1277 1349 1319 1361 -
1343 1333 1374 1395 p.
1392 1314 1424 1398 6)
1448 1314 1512 1380 Le-

290 1425 415 1508 pidum,
450 1424 505 1490 ubi
538 1424 678 1506 primum
712 1423 746 1490 iu
780 1423 851 1489 foro
886 1423 1019 1488 caedem
1053 1422 1281 1503 comperisset,
1316 1421 1350 1486 in
1372 1422 1512 1488 insulam

291 1532 478 1598 Tiberinon
512 1535 756 1612 transgressum
790 1529 951 1612 legionem
986 1547 1080 1596 suam
1108 1530 1142 1594 in
1170 1528 1331 1610 Campum
1353 1528 1512 1594 Martium

290 1639 437 1720 duxisse,
472 1644 510 1704 ut
532 1637 679 1703 Antonio
714 1642 847 1718 praesto
883 1642 972 1702 esset
1005 1641 1039 1702 et
1062 1637 1149 1703 dicto
1178 1636 1328 1702 audieus:
1364 1635 1511 1701 Antonio

291 1745 376 1812 onim
393 1763 466 1811 eum
479 1745 521 1811 ab
536 1744 630 1810 initio
642 1745 792 1826 cessisse,
816 1743 970 1825 quoniam
982 1743 1035 1809 hic
1047 1744 1171 1810 maiore
1183 1762 1257 1809 cum
1270 1741 1415 1809 Caesare
1431 1742 1510 1808 ami-

291 1852 370 1919 citia
393 1853 584 1918 coniunctus
612 1851 730 1917 fuisset
752 1856 786 1916 et
808 1855 879 1916 tum
903 1852 1109 1917 consulatum
1138 1850 1342 1916 obtinuisset.
1388 1849 1511 1932 Bisque

290 1958 544 2024 deliberantibus
559 1959 723 2041 placuisse
739 1958 869 2042 quidem
888 1957 1067 2025 Caesarem
1083 1957 1196 2024 ulcisci
1211 1959 1294 2024 talia
1309 1977 1510 2040 perpessum,

291 2066 349 2132 sed
372 2085 428 2132 eos
451 2067 622 2148 metuisse,
657 2083 698 2131 ne
732 2071 867 2132 senatus
901 2066 1166 2132 interfectoribus
1199 2066 1341 2148 faveret,
1377 2065 1511 2147 etquid

290 2174 435 2240 futurum
459 2169 557 2255 esset,
582 2164 836 2255 exspectavisse.

378 2281 470 2347 Idem
493 2281 597 2348 altero
620 2281 692 2347 loco
716 2281 813 2364 paulo
843 2281 982 2362 amplius
1005 2285 1157 2365 repetens
1165 2281 1189 2366 l)
1217 2280 1343 2347 addidit
1366 2299 1422 2346 eos
1446 2299 1511 2346 non

290 2388 395 2454 solum
417 2392 570 2454 senatum
592 2393 625 2454 et
649 2389 771 2454 amicos
795 2393 830 2454 et
852 2388 1051 2471 propinquos
1073 2388 1320 2455 interfectorum
1343 2388 1510 2469 metuisse,

290 2494 348 2574 sed
363 2495 463 2561 etiam
478 2495 651 2582 Decimum
665 2495 817 2577 Brutum,
842 2496 894 2562 oui
910 2493 1022 2562 Gallia
1038 2494 1208 2579 Cisalpina
1228 2494 1375 2561 exercitu
1389 2513 1509 2578 magno

289 2603 496 2678 instructae
520 2601 665 2668 Caesare
699 2601 779 2668 data
807 2607 910 2684 esset,
946 2602 1057 2684 eisque
1091 2602 1254 2684 placuisse
1292 2601 1432 2682 amplius
1453 2617 1510 2668 ‘ex-

290 2714 442 2791 spectare
468 2713 503 2774 et
524 2712 669 2791 tentare,
697 2709 725 2775 si
747 2713 884 2790 possent
907 2709 949 2775 ad
972 2728 1008 2776 se
1036 2708 1209 2774 traducere
1231 2708 1274 2773 D.
1298 2707 1396 2772 Bruti
1419 2725 1510 2772 exer-

290 2816 391 2882 citum
414 2816 579 2883 laboribus
601 2815 788 2900 ingentibus
812 2812 1071 2899 defatigatum.)

313 2967 314 2972 κ
378 2922 474 2990 Unde
497 2928 608 2990 autem
631 2923 711 2989 dicit
732 2923 858 2989 sactum
881 2941 968 3004 esse,
997 2926 1034 2987 ut
1056 2920 1223 2987 Antonius
1250 2919 1395 2987 animum
1417 2919 1510 2987 indn-

291 3034 380 3097 ceret
401 3030 629 3098 interfectores
652 3029 806 3096 servare?

377 3137 430 3206 De
454 3157 494 3204 ea
516 3157 551 3203 re
574 3137 661 3203 inter
676 3155 725 3218 ea,
749 3154 834 3219 quae
857 3135 897 3202 de
914 3135 1065 3202 senatu
1055 3154 1090 3200 ιιι
1104 3134 1225 3217 templo
1242 3133 1381 3236 Telluris
1397 3135 1510 3202 habito

290 3227 382 3310 nobis
406 3245 582 3311 traduntur
528 3243 719 3328 tuas-
718 3241 812 3333 135),
836 3242 953 3309 hanc
944 3262 978 3308 ιιι
979 3241 1198 3324 terpositam
1188 3229 1371 3308 invenimus
1395 3260 1509 3309 narra·

289 3353 412 3418 tionem
436 3349 653 3436 (130-132);

377 3460 448 3525 Ant
434 3459 600 3527 toniume
582 3457 790 3541 etLepidum
807 3477 825 3524 e
841 3457 933 3524 curia
947 3457 1101 3577 prodisse
1112 3475 1133 3523 a
1147 3457 1310 3524 nonnullis
1330 3460 1477 3536 vocatos.
1485 3457 1510 3541 ³)

291 3565 437 3648 Cumque
472 3565 589 3647 aliquis
623 3566 813 3632 clamasset:
852 3562 998 3648 „Cavete
1032 3565 1104 3647 pati
1076 3565 1293 3646 bsimilia“,
1328 3564 1400 3630 Ant
1385 3564 1510 3630 tonium

289 3673 424 3739 loricam
458 3672 518 3739 sub
553 3672 665 3738 tunica
691 3671 840 3738 indutam
869 3671 1051 3738 ostendisse
1077 3667 1264 3738 irritantem
1292 3689 1363 3754 eos,
1399 3669 1455 3754 qui
1476 3670 1509 3736 id

290 3778 506 3865 viderent(p.
530 3780 583 3845 36
608 3781 654 3866 3)

376 3886 519 3952 Etcum
542 3886 598 3952 alii
622 3885 801 3953 Caesarem
829 3849 1049 3952 ulciscendum
1078 3903 1150 3951 esse
1174 3875 1370 3965 clamarent,
1404 3881 1510 3952 maior

359 4043 381 4114 1)
412 4046 474 4101 124·
502 4044 604 4102 Ἄντων
591 4059 643 4106 vato
667 4035 757 4098 δὲκαι
774 4043 883 4105 Λέπιδος
906 4041 1010 4115 ἐβούλον
997 4061 1040 4096 vro
1044 4039 1113 4122 μὲν
1137 4039 1237 4118 ἀμύνειν
1257 4035 1376 4113 Καίσαρι,
1406 4039 1443 4102 ὥς
1468 4053 1511 4112 μοι

288 4133 924 4294 π10111Γῖ011οι010010(10111111100101ιια1)
942 4222 1029 4278 Bruto
1058 4237 1121 4278 cum
1148 4237 1206 4276 una
1227 4220 1337 4290 legione
1360 4218 1426 4275 data
1448 4220 1510 4274 erat

289 4311 464 4384 (Mommsen,
482 4310 500 4368 l.
519 4312 538 4369 1.
556 4329 584 4382 p.
602 4315 640 4382 8),
666 4310 716 4368 sed
734 4311 854 4384 qnidD.
873 4311 970 4382 Bruto,
992 4311 1018 4367 si
1035 4327 1068 4366 co
1087 4309 1133 4368 die
1150 4309 1298 4382 impetus
1290 4326 1321 4374 ιιι
1339 4305 1508 4380 Capitolium

288 4401 378 4481 factus
398 4403 472 4458 esset
473 4400 597 4472 ,legio
589 4418 620 4456 m
639 4399 730 4457 Gallia
750 4400 894 4472 Cisalpina
912 4395 1047 4457 collocato
1066 4395 1201 4471 prodesse
1218 4400 1345 4470 poterat?

359 4491 382 4560 ³)
401 4490 498 4548 Liceat
515 4493 606 4547 toturn
623 4490 697 4546 hunc
710 4489 841 4546 locum
818 4507 859 4546 snc
870 4493 981 4546 tantum
994 4489 1101 4556 afferre,
1120 4492 1152 4546 ut
1170 4487 1348 4598 perspicuum
1366 4485 1423 4556 fiat,
1443 4499 1509 4560 quo·

287 4579 369 4636 modo
387 4580 522 4652 procedat
538 4580 672 4670 narratio.
