3482 5098
700 343 922 422 ..53-

209 571 274 618 non
297 552 403 618 minus
432 568 531 633 quam
553 549 769 616 Plutarchum
804 554 838 616 et
860 549 1050 634 Appianum
1084 551 1124 617 de
1152 551 1249 618 rebus
1273 549 1428 618 Caesaris

209 663 348 726 mortem
370 659 493 725 secutis
515 657 632 724 Asinio
655 657 804 724 Pollione
826 659 898 742 ipso
921 678 1017 725 usum
1040 677 1123 728 esse.

298 767 348 833 Ut
370 769 481 832 autem
504 766 570 832 iam
593 785 768 849 pergamus
791 766 826 832 in
849 765 1051 833 conferendis
1066 767 1203 832 Nicolao
1227 769 1261 832 et
1275 766 1430 850 Appiano

212 875 255 958 (p.
279 872 355 958 50),
391 873 548 940 Nicolaus
576 873 727 938 contione
743 878 894 941 ‚narrata
921 870 1046 940 addidit
1068 874 1281 957 legationem,
1316 873 1431 940 deinde
1515 925 1517 929 .

211 981 254 1047 ad
277 981 454 1047 secundum
478 980 563 1046 diem
579 985 807 1064 transgressus
823 981 964 1064 primum
987 981 1117 1063 quidem
1131 981 1249 1064 Lepidi
1269 981 1302 1047 in
1318 981 1431 1048 urbem

209 1088 393 1171 introitum,
428 1087 543 1154 deinde
566 1088 677 1171 populi
706 1091 739 1154 et
762 1093 993 1156 veteranorum
1021 1083 1213 1155 seditionem
1242 1089 1282 1154 ab
1310 1090 1373 1154 hoc
1397 1094 1432 1154 et

209 1195 355 1262 Antonio
379 1195 590 1277 concitatam,
613 1200 683 1261 tum
707 1196 877 1261 consilium
902 1215 1013 1261 eorum
1036 1196 1181 1264 tradidit.
1257 1275 1258 1278 Ἴ

298 1303 472 1387 Appianus
511 1307 642 1385 autem,
689 1322 887 1385 quamquam
926 1309 960 1368 et
997 1303 1067 1386 ipse
1106 1303 1258 1370 contione
1288 1308 1433 1370 ‘narrata

209 1411 406 1495 legationem
430 1410 554 1477 addidit
578 1410 679 1496 (123),
702 1415 814 1476 tamen
837 1411 980 1492 reliquas
1003 1414 1056 1476 res
1080 1429 1278 1495 magnopere
1301 1415 1431 1477 contra-

209 1520 291 1585 hens
307 1518 490 1584 Antonium
514 1517 627 1584 eodem
652 1517 703 1584 die
724 1519 844 1601 legatis
867 1519 947 1602 ipsis
970 1519 1221 1601 respondentem
1244 1518 1322 1584 fecit
1345 1519 1433 1604 (124,

210 1627 251 1694 ef.
275 1647 295 1708 p
331 1625 384 1694 35.
410 1626 458 1711 3):
494 1626 579 1693 unde
602 1627 727 1693 factum
751 1631 818 1708 est,
847 1630 884 1693 ut
908 1646 961 1694 res
985 1626 1127 1693 secundo
1157 1627 1208 1693 die
1232 1632 1345 1710 gestas
1368 1645 1434 1692 non

211 1753 270 1800 suo
295 1752 457 1815 quamque
480 1735 568 1816 loeo,
603 1733 807 1816 sedpassim
836 1738 989 1801 narraret
1024 1733 1434 1819 (124-126.130-132,

212 1842 253 1914 of.
278 1862 331 1925 pp.
358 1841 411 1908 30.
435 1841 467 1923 3,
492 1841 544 1909 31.
571 1842 601 1923 1,
624 1841 667 1906 42
691 1861 719 1910 e.
744 1862 775 1924 q.
800 1841 850 1926 s).

300 1949 419 2030 Itaque
442 1968 495 2014 res
518 1949 717 2032 legationem
739 1949 829 2015 illam
853 1952 984 2016 secutas
1008 1949 1174 2032 gradatim
1197 1949 1346 2015 conferre
1369 1968 1435 2016 non

210 2056 277 2122 iam
299 2075 490 2138 possumus,
526 2056 584 2122 sed
607 2057 636 2122 si
659 2057 805 2138 singulas
839 2076 892 2122 res
916 2077 975 2140 per
1003 2075 1039 2122 se
1063 2075 1305 2140 comparamus,
1339 2057 1434 2124 facile

212 2163 437 2247 cognoscimus
449 2162 639 2246 Appianum
651 2164 719 2229 fere
732 2163 846 2230 eadem
859 2164 1054 2246 significare,
1067 2183 1151 2246 quae
1164 2164 1252 2248 apud
1262 2164 1435 2230 Nicolaum

212 2270 343 2337 uberius
367 2270 517 2353 exposita
541 2273 632 2336 sunt:
656 2289 756 2336 unum
780 2271 963 2352 exemplum
986 2271 1104 2337 afferre
1127 2272 1209 2338 satis
1233 2272 1286 2338 sit.

300 2375 401 2460 Apud
427 2376 601 2443 Nicolaum
636 2378 779 2444 traditur
809 2378 927 2460 Lepidi
960 2378 995 2443 in
1028 2378 1142 2444 urbem
1171 2379 1312 2445 introitu
1345 2379 1434 2446 sacto

213 2485 333 2550 multos
368 2484 525 2550 adhunc
559 2490 593 2550 et
619 2485 802 2552 Antonium
830 2485 1041 2568 confluxisse,
1077 2486 1163 2567 quod
1189 2486 1435 2552 interfectorum

213 2592 300 2658 vires
323 2610 388 2657 non
410 2595 523 2658 tantas
559 2612 631 2658 esse
666 2593 728 2659 sibi
750 2593 1010 2677 persuasissent,
1046 2593 1317 2675 quemadmodum
1344 2593 1435 2675 prius

214 2700 504 2785 exspectassent,¹)
529 2702 563 2764 et
585 2704 760 2766 veteranos
785 2699 979 2766 sollicitatos
1004 2719 1077 2766 esse
1093 2698 1248 2766 Caesaris
1270 2699 1435 2768 benefieiis

213 2807 248 2873 in
270 2808 461 2874 memoriam
484 2805 692 2892 revocatis,⁹)
717 2813 817 2890 atque
840 2809 900 2873 hos
925 2807 1055 2890 quidem
1076 2809 1186 2891 palam
1210 2808 1331 2874 dixisse
1355 2827 1436 2890 opus

215 2933 287 2980 esse
304 2913 483 2981 Gaesarem
506 2915 630 2997 ulcisci,
655 2915 737 2982 alios
762 2922 873 2982 autem
896 2917 963 2982 alia
985 2915 1164 2982 secundum
1186 2916 1346 2983 factiones
1371 2915 1436 2987 sin·

216 3022 312 3104 gulas
335 3025 554 3106 congregatos
578 3022 710 3106 dixisse,
733 3023 793 3088 hos
817 3024 859 3090 ab
882 3023 944 3107 his,
967 3024 1040 3090 illos
1065 3023 1106 3090 ab
1129 3023 1193 3090 illis
1216 3027 1355 3092 stantes.
1363 3023 1386 3110 ³)

303 3129 356 3196 lla
389 3133 499 3196 autem
533 3131 642 3198 omnia
676 3131 864 3198 summatim
887 3130 1061 3215 Appianus
1084 3131 1132 3198 sic
1154 3131 1295 3198 reddidit
1330 3129 1436 3218 (125):

214 3236 255 3301 In
277 3237 357 3303 urbe
379 3237 537 3320 populum·
563 3237 707 3305 animum
730 3239 910 3322 recepisse,
944 3239 1113 3321 paucitate
1137 3258 1263 3320 eorum,
1298 3237 1439 3321 quihoe

215 3343 381 3426 fecissent,
405 3345 580 3431 cognitor)
605 3352 639 3413 et
660 3346 694 3412 in
709 3347 901 3413 memoriam
917 3345 1072 3414 Caesaris
1089 3354 1145 3413 eos
1161 3347 1317 3414 subactos
1334 3347 1438 3432 essm)

216 3456 250 3518 et
267 3453 306 3532 in
331 3452 480 3520 diversas
504 3453 686 3520 sententias
710 3454 943 3539 discessisse.⁶)

294 3593 315 3663 ¹)
332 3589 467 3671 συνέρρεον
486 3590 514 3646 δὲ
535 3592 587 3667 ἤδη
606 3590 712 3664 πολλοὶ,
732 3635 739 3652 .
758 3635 767 3656 .
784 3595 826 3650 καί
843 3595 953 3668 μαλιστα
980 3593 1067 3668 ἐπειδὴ
1091 3594 1261 3668 μαλακώτερα
1287 3592 1319 3646 τό
1342 3592 1439 3647 ἐκτῶν

217 3677 335 3736 ἐναντίων
359 3680 483 3756 ἐφαίνετο,
510 3674 552 3736 καὶ
575 3681 622 3755 οόχ
646 3681 717 3738 ότοῖα
740 3682 769 3738 τὸ
789 3683 911 3758 πρότερον
930 3681 1109 3758 προςεδοκήόη
1128 3680 1193 3737 κατόι
1212 3680 1330 3736 ὑπόνοιαν
1350 3675 1439 3754 ἰσχύος

220 3769 345 3832 ἐόζονο.
1435 3781 1441 3790 '‘

217 3787 235 3843 μ
289 3791 420 3932 Ἲςτολλαί
438 3860 465 3916 δὲ
483 3859 526 3917 καὶ
544 3860 697 3936 ὀλοφύρσεις
716 3861 837 3936 ἒρίρνοντο
858 3906 866 3920 .
886 3904 893 3921 .
912 3855 953 3916 καὶ
972 3860 1084 3935 μάλιστα
1103 3858 1162 3924 τοὺς
1182 3861 1441 3935 συνεστρατευμένους

217 3946 285 4021 aaa
303 3949 425 4024 πρότερον
444 3950 681 4025 παρακελευόμενοι,
700 3948 754 4014 οἶος
774 3950 810 4004 ὣν
829 3947 871 4006 οἷα
891 3950 967 4006 πόθοι
985 3951 1011 4005 ἐν
1030 3949 1124 4026 ἐρημίᾳ
1143 3945 1235 4026 φίλων.

288 4037 310 4108 ⁸)
331 4037 430 4112 ἐλέγετο
449 4037 477 4093 δὲ
502 4039 553 4114 ἤδη
573 4038 600 4093 ἐκ
618 4044 662 4094 τοῦ
682 4044 806 4114 φανεροῦ,
830 4039 868 4094 ότι
891 4041 942 4116 χρὴ
962 4037 1061 4116 όμόνειν
1086 4039 1153 4114 αὐτῗρ
1174 4084 1181 4098 .
1200 4083 1208 4100 .
1227 4039 1303 4096 ἄλλοι
1326 4037 1353 4094 δὲ
1372 4038 1441 4094 ἄλλα

221 4124 286 4180 κατὰ
304 4127 438 4190 συστάσεις
456 4126 637 4204 ἀθροιζόμενοι
656 4128 751 4202 diepolt,
770 4127 793 4183 οἱ
812 4127 856 4204 μὲν
874 4125 938 4204 ’πρὸς
956 4128 1049 4200 τῶνδε,
1067 4126 1090 4182 οἱ
1108 4127 1136 4182 δὲ
1154 4125 1218 4202 πρὸς
1236 4127 1325 4184 τῶνδε.

291 4217 312 4289 ⁴)
331 4216 382 4292 ἤδη
403 4215 430 4271 δὲ
449 4210 491 4273 καὶ
509 4223 560 4272 τῶν
580 4217 664 4273 ἀστῶν
685 4218 698 4272 ό
716 4217 901 4293 καθαρώτατος
920 4218 989 4281 λεὼς
1007 4216 1151 4292 ἀνεθάρρει,
1170 4217 1215 4293 τὴν
1235 4215 1371 4293 ὀλιγότητα
1390 4221 1441 4270 τῶν

219 4305 379 4381 δεδρακότων
397 4305 536 4382 πυθόμενοι
556 4305 600 4379 (cf.
618 4307 682 4366 adn.
704 4308 738 4380 1).
1040 4299 1043 4304 ¹

291 4393 372 4468 ³)xcd
390 4395 417 4458 ἐς
437 4399 537 4472 μνήμην
556 4401 601 4452 τοῦ
621 4394 749 4472 Καίσαρος
769 4395 922 4472 ότεφόροντο
942 4398 988 4469 (cf.
1007 4397 1070 4456 adn.
1090 4398 1126 4468 2).

294 4487 315 4559 ⁰)
334 4479 375 4541 καὶ
393 4489 448 4552 ταῖς
466 4487 578 4561 μώμου,
597 4487 730 4562 διῃροῦντο
756 4487 801 4558 (ci.
821 4487 884 4546 adn.
904 4490 942 4561 3).
977 4488 1054 4546 Dicit
1072 4491 1167 4545 autem
1185 4487 1238 4544 hoc
1256 4486 1362 4546 lactum
1382 4503 1444 4544 esse

219 4578 300 4633 nocte
319 4578 448 4634 senatum
466 4575 661 4648 praecedente.
