3482 5098
668 379 891 442 ..49-

179 585 181 590 ·
249 569 349 637 Vides
384 590 440 637 eos
475 592 579 656 paene
612 573 658 640 ad
681 572 816 638 verbum
836 569 897 640 hic
919 570 985 637 illic
1013 571 1217 654 consentire;
1253 570 1386 638 sedvel

31 719 32 764 3
161 677 240 746 illud
255 678 349 745 nobis
365 680 518 763 occurrit,
542 685 746 764 quantopere
761 682 899 759 uterque
914 677 975 744 has
992 696 1045 744 res
1067 678 1286 746 contraxerit:
1310 696 1387 745 nam

161 806 235 854 cum
257 785 456 854 Plutarchus
480 807 521 855 ex
543 787 727 856 nominibus
750 785 813 852 illis
837 784 924 867 apud
947 769 1100 854 Asinium
1122 784 1304 853 Pollionem
1328 805 1383 852 ex·
1446 773 1450 781 ’

161 894 326 961 stantibus
342 895 406 961 duo
423 900 552 963 tantum
568 894 725 979 posuerit,
742 897 794 979 (ὧν
814 899 848 980 ἧν
860 891 915 961 ’καὶ
937 946 944 962 .
967 943 974 959 .
995 899 1062 976 καὶ),
1085 891 1259 975 Appianus
1274 894 1385 975 plures

162 994 291 1084 quidem
315 1003 437 1085 attulit,
461 1004 520 1071 sed
541 1002 676 1102 ⁸Octavii
699 1020 817 1068 nomon
840 1001 960 1068 omisit.

159 1114 161 1121 '
250 1110 334 1177 'lum
358 1111 467 1178 contio
489 1112 535 1178 M.
559 1110 657 1177 Bruti
680 1109 767 1192 apud
790 1112 965 1190 utrumque
988 1112 1158 1176 narratur:
1188 1127 1228 1176 ao
1250 1108 1383 1176 Plutar-

161 1219 241 1286 chus
275 1218 406 1301 quidem
438 1223 577 1286 narrata
610 1216 855 1284 interfectorum
890 1216 924 1281 in
954 1213 1152 1298 Capitolium
1187 1215 1266 1299 fuga
1300 1215 1383 1283 satis

160 1326 276 1393 habuit
299 1344 356 1393 cas
379 1327 462 1393 duas
477 1345 542 1408 ros,
566 1344 651 1408 quae
666 1325 807 1408 primurn
829 1323 915 1390 inter
930 1341 983 1389 res
1000 1327 1173 1405 sequentes
1194 1322 1386 1392 obtinebant

165 1435 283 1517 locum,
307 1436 493 1502 contionem
515 1435 561 1500 M.
585 1433 683 1500 Bruti
706 1438 740 1500 ct
763 1435 899 1499 senatus
923 1431 1107 1498 consultum
1130 1430 1170 1497 do
1193 1431 1277 1497 actis
1302 1429 1385 1498 an-

162 1541 247 1608 saris
271 1541 441 1609 servandis
475 1541 600 1608 factum
627 1539 714 1606 inter
736 1559 772 1606 se
795 1557 973 1625 opponere,
1009 1557 1082 1604 oum
1110 1542 1221 1604 autem
1249 1542 1385 1605 senatus

62 1635 66 1640 ’
161 1647 384 1730 Liberalibus,
419 1648 528 1714 contio
551 1647 664 1714 Idibus
695 1647 809 1713 habita
843 1650 947 1727 esset,
982 1644 1182 1712 Plutarchus
1210 1649 1384 1727 utrumque

165 1754 276 1852 eodem
300 1756 363 1837 dio,
386 1757 473 1821 inter
494 1756 574 1822 Idus
598 1759 632 1820 ct
654 1754 821 1821 Liberalia
844 1755 961 1835 medie,
984 1753 1095 1837 posuit
1118 1753 1162 1837 (p.
1190 1752 1243 1819 20.
1270 1751 1314 1838 1).

241 1863 273 1923 3:
296 1859 367 1921 Μεθ’
380 1861 487 1942 ἡμέραν
498 1862 528 1922 δὲ
538 1864 593 1921 τῶν
604 1860 666 1941 περὶ
676 1859 798 1941 Βροῦτον
809 1859 1000 1921 κατελθόντων
1016 1859 1063 1921 καὶ
1078 1859 1268 1937 ποιησαμένων
1280 1859 1385 1936 λόγους,

400 1959 415 2019 ὁ
436 1960 487 2038 μὲν
508 1963 596 2040 δῆμος
617 2005 624 2020 .
647 2005 654 2018 .
675 1963 731 2026 τοῖς
752 1958 908 2036 λεγομένοις
927 1961 1077 2039 προσεῖχεν,

399 2059 471 2138 ἡδὲ
491 2057 640 2138 σύγκλητος
661 2104 668 2120 .
692 2106 698 2118 .
721 2057 871 2137 ἑψηφίσατο
893 2106 899 2119 .
923 2105 929 2118 .

249 2157 423 2242 Appianus
446 2163 558 2230 autern
581 2177 637 2224 eas
666 2177 720 2224 ros
743 2157 875 2224 uberius
904 2157 1034 2240 quidem
1062 2175 1161 2240 quam
1183 2157 1383 2225 Plutarchus

161 2285 300 2333 narrans
324 2265 509 2334 contionem
533 2285 593 2333 suo
616 2267 687 2332 loco
712 2264 848 2333 tradidit
876 2260 920 2350 (p.
946 2264 1017 2349 11),
1041 2270 1192 2332 sonatum
1215 2269 1326 2332 autem
1350 2271 1384 2330 ot

160 2373 232 2455 ipse
255 2372 396 2441 secundo
420 2374 487 2440 ianr
511 2373 563 2439 die
587 2372 697 2467 posuit
721 2371 764 2458 (p.
789 2371 857 2459 35).

250 2479 345 2562 Quod
369 2486 481 2549 autem
508 2482 625 2557 adres
649 2481 740 2566 ipsas
764 2481 899 2565 attinet,
928 2481 1058 2548 videtur
1080 2481 1269 2565 Appianus,
1297 2482 1383 2564 quod

160 2588 316 2654 hocloco
340 2589 381 2655 de
403 2590 501 2656 Bruti
524 2589 611 2673 apud
634 2590 788 2673 populum
816 2589 906 2656 sama
933 2607 1188 2656 commemorare
1216 2589 1383 2671 omiserat,

29 2781 30 2788 ρ
160 2695 265 2761 altero
288 2696 361 2762 loco
390 2696 556 2764 addidisse
584 2696 627 2780 (p.
653 2694 810 2780 31-32);
846 2696 886 2762 dc
919 2696 1031 2780 populi
1055 2701 1166 2764 autem
1194 2697 1383 2771 condicione

150 2803 246 2906 'idem
268 2809 406 2887 uterque
430 2805 570 2872 exhibet.

249 2911 311 2975 Vel
334 2912 397 2976 hoo
419 2912 561 2979 fortasse
585 2912 759 2979 dilucidum
782 2913 819 2978 lit
842 2912 905 2979 hac
928 2913 1057 2980 tabula:

220 3053 420 3133 Plutarchus
446 3053 543 3122 ans.
568 3056 621 3122 67.
645 3056 676 3122 3.
951 3056 1127 3138 Appianus
1154 3058 1226 3126 121.

161 3179 216 3236 τῶν
240 3177 302 3256 περὶ
327 3175 449 3257 Βροῦτον
480 3177 669 3240 κατελθόντων
700 3180 746 3241 καὶ
855 3189 858 3196 ’

437 3276 629 3354 ποιησαμένων
651 3276 747 3353 λόγους

201 3374 287 3452 ὁμέν
309 3377 397 3454 δῆμος
417 3373 480 3436 οὔτε
502 3374 685 3456 δυσχεραίνων

347 3505 349 3509 v
445 3471 507 3534 οὔτε
528 3474 567 3540 ὥς
589 3473 706 3533 ἐπαινῶν
819 3472 1051 3553 τιλμένγενόμτνα
1063 3475 1381 3556 έπαινεῖνοόιιέδόῤῥουν

201 3575 256 3639 τοῖς
271 3572 426 3651 λεγομένοις
441 3574 592 3653 προςεῖχεν,
607 3571 665 3633 ἀλλ’
679 3571 746 3631 δαε-

369 3671 452 3751 δήλυυ
467 3673 503 3751 τῇ
517 3671 608 3750 πολλῇ
622 3672 712 3749 σιωπῇ
721 3670 744 3744 ¹)

371 3769 502 3850 Καίσαρα
523 3769 574 3846 μέν
595 3766 744 3847 οἰκτείρων,
818 3767 935 3834 δεδιότες
956 3769 1005 3847 τὴν
1020 3769 1164 3850 Καίσαρος
1185 3768 1274 3838 δόξαν.

374 3866 535 3945 αἰδούμενος
545 3867 576 3926 δέ
587 3864 745 3946 Βροῦτονέ)

229 4034 239 4064 r
296 4035 303 4049 .

196 4085 198 4092 v
239 4046 248 4106 j
268 4033 329 4092 Nm·
348 4037 415 4183 2ξλδν
435 4123 518 4198 τούτῳ
537 4121 564 4178 δὲ
580 4123 685 4198 Μάρκος
703 4122 818 4198 Βροῦτος
836 4121 901 4178 κατὰ
918 4124 1016 4200 ’πολλὴν
1035 4122 1141 4204 ἡσυχίαν

369 4218 413 4269 τοῦ
433 4214 515 4290 δήμου
533 4211 563 4267 τό
582 4213 676 4288 μέλλον
695 4213 895 4289 πρυςδεχυμένου

228 4305 250 4376 ')
369 4303 522 4380 σωρρυσόνρ
541 4321 569 4358 τε
588 4302 642 4378 βίου
662 4303 704 4359 διὰ
721 4301 814 4366 παντός
832 4305 977 4381 τιμώμενος

192 4403 195 4408 “
369 4391 433 4448 κατὰ
447 4413 478 4472 ,τε
497 4391 611 4450 εὔκλειαν
630 4394 760 4470 τρσρόνων

366 4482 409 4540 καὶ
427 4485 473 4560 τὴν
494 4483 532 4540 ἐπ’
552 4487 629 4540 αὐτοῦ
649 4484 781 4540 ἐπιείκειαν
801 4477 862 4540 εἶναι
881 4485 1004 4541 δοκοῦσαν

475 4573 547 4644 ἔλεξε
565 4574 660 4632 rorate.
684 4583 688 4592 '
