3482 5098
732 352 953 416 „45-

225 541 475 612 interfectorum
505 545 645 612 salutem
680 545 885 630 excogitato:
918 565 983 612 non
1018 546 1104 613 enim
1137 547 1207 613 fore
1240 565 1356 630 pacem
1384 547 1447 614 nisi

226 671 384 719 concessa
406 651 453 719 eis
477 650 638 718 oblivione
661 653 771 720 caedis
795 653 889 740 (l2lz
914 705 921 721 .
945 707 952 723 .
974 661 1013 727 ὡς
1039 659 1082 721 ἐπὶ
1107 662 1270 742 συμφέροντι
1295 665 1378 742 κοινῷ
1397 664 1446 741 τὴν

226 758 332 838 εἰρήνην
353 756 488 838 ἐπεβόων,
519 757 660 838 τέχνασμα
691 759 772 819 τοῦτο
792 759 821 825 ἐς
851 760 900 838 τὴν
930 761 986 819 τῶν
1007 758 1182 840 ἀνδροφόνων
1213 761 1364 841 σωντηρίαν
1389 761 1446 823 ἐπι-

224 859 348 923 νοοῦντες
368 891 406 903 -
428 856 460 917 οὔ
480 855 530 937 γὰρ
550 855 659 917 ἔσεσθαι
678 857 727 935 τὴν
748 857 856 938 εἰρήνην
877 859 916 936 μὴ
936 857 1084 937 γενομένης
1105 859 1195 925 αὐτοῖς
1215 858 1382 939 ἀμνηστίας).

245 969 248 974 ’
311 958 404 1025 Idem
427 961 552 1039 autem,
581 957 667 1040 quod
691 955 867 1025 Octavium
890 963 1101 1041 quaerentem
1125 945 1217 1041 feeit,
1246 959 1350 1025 altero
1373 960 1445 1026 loco

224 1065 298 1150 (ΙΙΙ.
323 1065 378 1150 34)
402 1065 584 1131 Antonium
609 1064 717 1146 ipsum
740 1082 851 1132 coram
874 1066 1041 1132 veteranis
1063 1065 1229 1132 mentione
1252 1067 1343 1133 facta
1365 1087 1445 1135 suae

224 1191 304 1257 erga
327 1171 506 1239 (laesarum
528 1170 637 1257 fidei1)
661 1176 849 1255 qaerentem
872 1173 964 1239 fecit:

304 1275 415 1352 „Uidea
436 1276 484 1339 οὖν
505 1276 595 1344 αὐτοῖς
615 1277 747 1356 ἀμνηστία
768 1280 816 1338 τοῦ
837 1276 922 1357 φόνου
944 1279 990 1340 καὶ
1010 1279 1184 1359 turpatam

313 1383 348 1446 et
374 1378 566 1461 probantem
591 1398 628 1444 se
656 1378 744 1445 iusto
768 1379 878 1445 omnia
901 1383 1018 1446 contra
1041 1379 1196 1447 Caesaris
1219 1381 1446 1449 interfectores

224 1487 298 1552 odio
321 1484 449 1568 secisse,
472 1485 681 1553 insidiantem
704 1487 834 1552 senatui
858 1486 930 1573 (392
965 1497 1076 1556 τοιαῦτα
1085 1497 1134 1556 τοῦ
1146 1495 1293 1556 Ἀντωνίου
1305 1495 1445 1564 διεξιόντος

223 1592 342 1673 παρέστη
369 1594 425 1658 τοῖς
443 1591 598 1673 ταξιάρχοις
623 1591 704 1652 αὐτὸν
725 1592 830 1652 ἅπαντα
851 1591 909 1670 μετ’
931 1593 1034 1673 ἔχθρας
1055 1593 1180 1673 ἀκριβοῦς
1202 1593 1239 1660 εἰς
1262 1595 1326 1660 τοὺς
1346 1594 1445 1676 ἀνδρο-

223 1691 330 1770 φόνους,
352 1689 561 1772 ἐπιτεχνάζοντα
581 1693 617 1771 τῇ
639 1692 734 1771 βουλῇ,
756 1690 957 1770 πεποιηκέναι).

311 1790 533 1858 Recordemur
548 1796 659 1858 autem
673 1791 865 1875 Appianum
881 1793 921 1858 de
936 1798 1055 1860 senatu
1070 1793 1112 1860 ab
1128 1793 1221 1859 initio
1238 1795 1286 1860 sic
1300 1794 1445 1861 locutum

224 1919 306 1982 esse,
331 1898 426 1982 quasi
440 1897 606 1966 Antonius
623 1918 697 1965 eum
712 1901 867 1966 metuerit
881 1905 919 1966 ut
935 1901 976 1967 ab
992 1900 1257 1968 interfectoribus
1281 1906 1444 1968 staturum

224 2007 315 2090 (118:
348 2014 397 2092 τὴν
418 2013 449 2074 δέ
469 2015 570 2094 βουλὴν
590 2013 657 2094 πρὸς
676 2017 731 2075 τῶν
752 2014 926 2094 ἀνδροφόνων
947 2014 1080 2094 ἐσομένην
1101 2014 1280 2088 ἐδεδοίκεσαν,
1305 2007 1445 2094 θδ123),

224 2114 310 2196 quod
343 2114 409 2179 non
443 2114 548 2181 solum
583 2115 779 2198 cognatione
814 2119 847 2180 et
870 2115 1031 2196 amicitia,
1066 2116 1124 2182 sed
1159 2116 1259 2183 etiam
1283 2117 1445 2183 communi

224 2220 380 2288 Caesaris
405 2220 477 2287 odio
502 2240 575 2287 cum
600 2221 646 2287 eis
670 2221 863 2288 coniunctus
888 2227 976 2289 esset
999 2222 1094 2309 (1192
1124 2231 1258 2308 συγγενέσι
1268 2255 1299 2292 τε
1313 2234 1388 2310 σφῶν
1399 2232 1445 2292 καὶ

223 2335 309 2415 φιδιυις
329 2334 395 2410 οὖσι,
417 2336 608 2416 βαρυνομένοις
623 2359 658 2405 Ιτε
678 2337 728 2415 την
747 2338 889 2416 τυραννίδα
910 2337 1020 2416 ὁμοίως,
1042 2371 1080 2382 -
1105 2335 1139 2396 σί
1163 2330 1250 2416 127).

310 2438 381 2503 Νσσ
403 2441 514 2504 tamen
537 2437 572 2502 in
587 2436 734 2520 Appiani
757 2437 947 2504 narratione
971 2437 1121 2520 quamvis
1144 2438 1327 2520 depravata
1350 2457 1444 2504 omne

221 2544 397 2629 vestigium
420 2539 533 2611 corum
556 2544 664 2628 periit,
689 2563 774 2628 quae
796 2545 830 2610 in
846 2546 936 2611 fonte
958 2545 1142 2612 rectissime
1165 2545 1316 2628 exposita
1339 2549 1443 2612 erant.

309 2653 397 2720 Nam
410 2652 646 2720 dissensionem
662 2653 748 2719 inter
763 2651 946 2719 Antonium
963 2657 997 2719 et
1011 2653 1173 2736 Lepidum
1187 2653 1443 2720 intercedentem

221 2760 419 2844 significavit
442 2761 575 2843 saltem,
605 2780 678 2827 cum
702 2760 790 2826 dicat
813 2758 906 2845 (126)
929 2760 1111 2826 Antonium
1138 2760 1173 2826 in
1196 2761 1321 2827 curiam
1345 2759 1443 2843 Capi-

220 2868 299 2934 tolio
322 2868 504 2934 subiectam
543 2867 589 2954 (p.
613 2869 667 2934 40.
691 2866 727 2952 5)
761 2868 809 2934 ire
832 2886 898 2932 non
921 2885 1037 2934 ausum
1060 2886 1143 2949 esse,
1166 2867 1387 2951 gladiatorum
1409 2868 1443 2932 in

221 2974 384 3058 Capitolio
407 2975 606 3058 praesidium
633 2979 832 3042 metuentem
860 2973 933 3061 (sed
956 2975 997 3041 cf.
1021 2996 1052 3057 p.
1078 2974 1221 3060 37-38)
1250 2993 1355 3058 nequo
1383 2993 1442 3041 νο-

221 3082 322 3149 luisse
345 3082 490 3149 exercitu
512 3082 699 3149 introducto
722 3082 836 3149 urbem
858 3081 1006 3149 turbare:
1041 3081 1202 3164 Lepidum
1231 3086 1342 3149 autem
1370 3102 1443 3149 eum

220 3191 320 3257 nihilo
343 3191 450 3258 minus
473 3189 740 3276 introduxissel)

307 3299 354 3364 Et
376 3298 526 3380 quamvis
549 3317 609 3364 suo
625 3297 695 3363 loco
711 3297 971 3380 praetermiserit
986 3315 1242 3364 commemorare
1255 3295 1440 3362 ‘Antonium

220 3410 401 3474 convocato
425 3409 543 3473 senatu
558 3406 599 3471 de
615 3405 790 3472 concordia
804 3405 972 3471 rettulisse
988 3408 1110 3471 etcum
1126 3404 1301 3470 Dolabella
1316 3404 1442 3486 collega

219 3514 254 3579 in
264 3514 407 3598 gratiam
419 3514 554 3595 redisse,
563 3512 587 3598 3)
604 3512 797 3579 Ciceronem
812 3517 924 3579 autem
939 3512 979 3578 de
996 3511 1158 3578 oblivione
1170 3511 1281 3577 caedis
1297 3510 1441 3578 locutum

291 3727 313 3798 ¹)
338 3723 404 3797 „Tit
423 3722 452 3778 ἂν
471 3721 514 3778 οὖν
543 3722 696 3778 πιστεύσειεν
725 3721 768 3796 ἐμὲ
786 3716 918 3796 Καίσαρός
941 3741 969 3775 τε
998 3719 1098 3792 ἀμελεῖν
1127 3721 1256 3797 εὐερχέτου
1284 3741 1326 3795 μοι
1343 3740 1443 3795 ηεηενη·

220 3817 305 3890 μένου,
323 3808 365 3870 καὶ
383 3812 506 3888 προτιμᾶν
529 3809 588 3876 τοὺς
608 3809 717 3886 ἐχθροὺς
737 3810 846 3883 ἐκείνου,
874 3803 976 3866 καὶτὸν
997 3811 1072 3885 φόνον
1096 3809 1186 3865 ἑκόντα
1209 3809 1365 3884 χαρίζεσθαι
1384 3815 1436 3872 τοῖς

219 3905 289 3978 ἐμοῖς
308 3903 447 3979 ἐπιβούλοις
468 3949 475 3963 .
495 3903 533 3971 .;“

290 3995 312 4066 ²)
331 4009 501 4067 quamquam
519 4010 577 4049 non
593 3994 729 4064 agebatur
747 3992 782 4049 de
795 3991 920 4049 exercitu
936 3991 967 4047 in
984 3990 1083 4048 urbem
1100 3990 1303 4047 introducendo
1323 4021 1356 4031 -
1376 4006 1441 4047 nam

218 4084 264 4141 hic
282 4084 339 4140 iam
357 4083 480 4141 secundo
499 4081 545 4139 die
562 4082 738 4139 introductus
761 4083 823 4138 erat
846 4082 883 4152 (p.
904 4083 962 4152 36),
994 4079 1044 4136 sed
1072 4079 1107 4136 de
1126 4079 1249 4137 tumultu
1272 4079 1302 4135 in
1321 4077 1380 4136 loro
1399 4096 1441 4136 ae·

218 4173 311 4231 dando
338 4174 377 4244 (p.
395 4174 523 4243 40-41).
559 4172 603 4229 Et·
618 4187 686 4229 aano
704 4170 827 4243 Lepidus
852 4170 977 4227 exercitu
1000 4186 1050 4225 suo
1074 4185 1130 4224 non
1159 4168 1243 4225 adid
1265 4186 1353 4224 unum
1373 4185 1441 4224 usus

218 4265 271 4335 eat,
289 4265 322 4319 ut
341 4260 459 4318 Cinnam
479 4263 577 4319 eontra
594 4263 741 4318 veteranos
761 4259 932 4319 detenderet.
975 4289 977 4293 v

291 4352 314 4421 ³)
340 4352 425 4408 immo
444 4350 609 4409 Dolabellae
637 4351 706 4408 dicit
723 4350 879 4408 Antonium
906 4349 1069 4408 etiamtum
1087 4348 1230 4406 inimicum
1249 4346 1336 4405 brisso
1363 4347 1441 4418 (1322

217 4443 299 4517 ἤστην
318 4439 444 4516 διαφόρω,
462 4438 496 4498 ci.
515 4438 565 4497 111.
585 4442 638 4514 35.)
