3482 5098
710 363 907 425 ...7-

201 556 284 622 haec
308 545 437 637 quidem
461 544 563 620 causa
585 554 716 621 videtur
738 555 857 637 fuisse,
881 573 939 620 our
961 540 1075 620 domos
1099 539 1210 619 omnes
1235 554 1423 621 clauderent

201 655 348 728 obtecta
371 661 414 728 ad
436 655 673 728 defendendum
696 665 857 745 peterent.
905 647 991 743 Quid
1013 661 1237 743 probabilius?

231 773 232 778 ’
290 766 355 834 Sed
382 768 479 850 paulo
508 768 595 835 infra
622 766 717 854 (120)
753 770 912 851 scriptum
946 767 1099 851 legimus,
1135 767 1362 834 interfectores
1390 768 1424 833 in

202 871 401 957 Capitolium
424 873 504 941 'cum
533 875 770 957 gladiatoribus
793 875 1015 956 contendisse,
1044 879 1078 941 11
1105 874 1209 940 altero
1234 875 1305 940 1111
1330 872 1424 960 (122)

202 982 283 1048 Dec.
306 981 449 1047 Brutum
471 981 672 1065 gladiatores
696 982 875 1048 coniuratis
898 982 932 1048 in
956 985 1102 1064 tempore
1125 981 1325 1063 praebuisse.

292 1086 378 1168 Quid
411 1089 453 1153 D.
482 1088 589 1154 Bruto
624 1108 698 1155 cum
725 1076 975 1172 gladiatoribus
997 1088 1031 1154 in
1058 1106 1191 1155 scenam
1225 1088 1424 1171 prodituris?

204 1192 374 1276 Quomodo
397 1194 521 1261 factum
544 1200 696 1278 putemus
720 1214 802 1278 esse,
826 1200 864 1262 ut
878 1194 1081 1279 gladiatores
1097 1215 1115 1261 e
1130 1196 1262 1261 theatro
1278 1215 1425 1278 prorum·

203 1305 318 1383 pentes
341 1301 374 1367 in
402 1303 544 1368 tumultu
572 1303 706 1369 caedem
730 1301 884 1369 Caesaris
914 1303 1088 1369 subsecuto
1118 1321 1191 1369 cum
1215 1289 1296 1369 Dec.
1320 1303 1426 1370 Bruto

206 1407 504 1492 congregarentur?
766 1400 768 1406 ’

293 1513 368 1596 Qua
400 1516 440 1582 de
474 1536 510 1582 re
544 1516 698 1598 quoniam
732 1535 791 1599 per
817 1515 1007 1600 Appianum
1035 1516 1191 1583 certiores
1225 1535 1290 1582 non
1319 1517 1426 1598 fimus,

207 1623 354 1706 cogimur
376 1617 442 1689 iam
465 1623 639 1690 Nicolaum
663 1623 763 1690 adire.

292 1723 343 1796 lbi
358 1733 469 1797 autem
485 1731 568 1797 haec
583 1729 676 1796 nobis
693 1734 827 1797 servata
838 1734 916 1797 sunt
931 1728 1019 1817 (26):
1059 1730 1292 1797 Interfectores
1307 1716 1428 1797 multos

205 1844 282 1907 ante
307 1840 440 1906 caedem
469 1845 679 1922 comparatos
702 1839 918 1923 gladiatores,
954 1858 1028 1905 oum
1055 1823 1094 1904 in¹
1117 1856 1155 1903 eo
1184 1842 1282 1919 esset,
1309 1842 1348 1904 ut
1375 1856 1428 1904 res

204 1950 434 2029 perageretur,
470 1946 662 2032 armatos1)
702 1947 902 2029 disposuisse
936 1946 1023 2013 inter
1051 1945 1175 2012 curiam
1203 1950 1237 2011 et
1264 1946 1430 2012 theatrum

204 2053 238 2118 in
261 2053 390 2136 porticu
406 2053 621 2136 Pompeiana.
667 2055 740 2120 Hos
764 2060 875 2120 autem
899 2053 1069 2136 expedisse
1084 2052 1256 2118 Decimum
1277 2053 1429 2136 Brutum,

206 2160 315 2242 specie
339 2159 469 2241 quidem
485 2160 527 2226 ad
544 2160 643 2226 aliam
659 2180 728 2226 rem
742 2161 895 2242 —quasi
919 2181 936 2226 1
952 2160 1191 2244 gladiatoribus
1206 2159 1241 2224 in
1263 2160 1430 2226 theatnrm

209 2270 279 2332 tum
304 2266 496 2333 coeuntibus
519 2286 619 2333 unum
643 2286 760 2350 rapere
783 2269 897 2349 vellet,
937 2267 992 2349 qui
1019 2286 1055 2333 se
1082 2266 1147 2349 ipsi
1173 2253 1431 2348 1111111111111

208 2370 316 2458 (ludos
340 2372 425 2439 enim
448 2378 518 2440 tum
541 2373 652 2457 fuisse,
677 2393 759 2456 quos
784 2379 817 2441 et
840 2375 910 2457 ipse
925 2375 1016 2441 velut
1031 2374 1168 2440 daturus
1192 2373 1381 2440 simulasset
1396 2393 1431 2440 11

211 2479 251 2562 ei,
276 2479 332 2561 qui
355 2484 425 2546 tum
447 2480 541 2546 ludos
566 2480 687 2563 ederet,
712 2480 884 2566 aemulari)
896 2518 949 2564 -,
962 2500 998 2547 re
1013 2499 1094 2547 vora
1109 2485 1219 2547 autem
1236 2481 1277 2547 ad
1301 2481 1433 2547 caedem

209 2587 292 2653 haec
307 2591 509 2670 praeparata
523 2587 635 2671 fuisse,
652 2592 699 2671 ut,
716 2589 745 2655 si
761 2588 817 2670 qui
833 2587 1026 2655 resisterent
1039 2586 1177 2656 Caesari
1193 2592 1432 2672 succurrentes,

209 2698 343 2776 praesto
367 2699 456 2761 11111
478 2694 557 2778 ipsis
581 2695 747 2762 auxilium.

299 2799 412 2884 Atque
435 2803 519 2869 haec
541 2803 672 2884 quidem
696 2804 736 2870 de
759 2802 996 2887 gladiatoribus
1012 2803 1055 2868 D.
1072 2802 1171 2868 Bruti
1192 2802 1286 2868 nobis
1309 2800 1434 2869 tradita

211 2913 301 2990 1111;
338 2909 377 2974 de
407 2911 549 2976 tumultu
577 2915 689 2977 autem
716 2911 804 2993 apud
833 2897 970 2977 eundem
997 2911 1080 2977 haec
1103 2909 1229 2992 scripta
1250 2909 1433 2976 invenimus

210 3013 295 3101 (25):
320 3007 506 3083 Clamorem
528 3017 694 3100 ingentem
718 3018 882 3084 sublatum
906 3037 978 3084 1111
1001 3017 1087 3084 11111
1111 3017 1202 3084 curia
1225 3015 1434 3100 fugientibus,

211 3121 394 3204 1111111111
422 3142 487 3189 111
514 3124 692 3208 participes
720 3125 860 3196 fuissent
888 3125 1139 3207 coniurationis,
1175 3130 1209 3189 11
1242 3122 1434 3207 putantibus

211 3227 361 3310 protinus
385 3229 486 3296 etiam
501 3230 581 3312 ipsis
599 3230 732 3298 caedem
747 3231 927 3315 imminere,
951 3231 1014 3297 illis
1039 3236 1160 3314 autem,
1184 3230 1240 3312 qui
1256 3229 1436 3297 Caesarem

214 3335 365 3402 comitati
380 3336 460 3402 11111
476 3343 699 3420 versarentur,
716 3357 887 3405 commune
902 3339 1005 3404 totius
1021 3343 1157 3404 senatus
1173 3337 1204 3402 id
1222 3356 1294 3404 esse
1309 3336 1436 3403 facinus

211 3443 403 3524 putantibus
434 3448 467 3509 et
495 3462 628 3510 manum
656 3463 811 3527 magnam
839 3445 882 3511 ad
915 3445 949 3511 id
978 3445 1181 3526 convenisse,
1199 3441 1226 3528 2)
1249 3443 1322 3510 aliis
1356 3461 1437 3525 prae

214 3549 388 3616 inscientia
411 3550 492 3616 facti
514 3551 684 3633 repentino
701 3552 843 3617 tumultu
859 3551 1010 3617 attonitis
1027 3555 1061 3616 11
1075 3552 1140 3616 huc
1155 3551 1231 3616 illuc
1254 3550 1437 3616 discurren-

213 3656 310 3723 tibus.
358 3655 478 3724 Omnia
505 3663 616 3724 autem
644 3659 742 3741 plena
768 3658 870 3724 fuisse
900 3658 1067 3723 hominum
1096 3657 1290 3740 fugientium
1314 3662 1348 3723 et
1371 3659 1436 3723 cla·

215 3764 385 3834 montium.

288 3991 309 4062 ¹)
328 3990 364 4049 cf.
382 4009 454 4064 quae
473 3993 530 4050 elio
548 3992 610 4049 loco
628 3992 704 4064 apud
722 3991 869 4051 Nicolaum
888 3991 923 4050 de
942 3993 1053 4065 diebus,
1077 3994 1178 4066 quibus
1197 3991 1257 4049 ludi
1281 3991 1440 4063 gladiatorii

217 4082 325 4151 111111,
354 4080 488 4138 adnotata
512 4085 578 4138 sunt
605 4083 674 4152 (23);
699 4081 761 4136 ἔνθα
789 4081 830 4136 καί
849 4081 914 4136 ὅπλα
942 4079 1051 4156 ὁρᾶσθαι
1081 4078 1303 4156 πἀρεσκευασμένα
1325 4081 1365 4135 ἐπὶ
1393 4081 1438 4156 τὴν

216 4167 306 4243 πρᾶξιν
325 4167 465 4224 ἀνύποπτον
485 4169 514 4245 ἦν
537 4169 579 4224 διὰ
596 4169 639 4225 τὸν
659 4169 752 4245 dabra

290 4258 310 4330 ¹)
329 4263 382 4311 τῶν
400 4257 451 4329 ἔξω
471 4257 581 4333 Καίσαρῑ
601 4259 727 4314 συνόντων
746 4261 830 4328 πάσης
849 4257 970 4334 οἰομένων
990 4251 1054 4314 εἶναι
1069 4266 1116 4333 τῆς
1136 4259 1230 4332 βουλῆς
1248 4258 1278 4314 τὸ
1298 4257 1380 4333 ἔρῖον,
1399 4251 1441 4312 καὶ

219 4348 364 4421 στράτευμα
383 4348 445 4422 μέγα
463 4340 525 4402 εἶναι
544 4345 573 4402 τὸ
593 4339 724 4403 ἐπὶτοῦτο
744 4347 884 4419 ἑληλοθός.
924 4348 1004 4417 Quod
1025 4348 1158 4406 Nicolaus
1177 4347 1337 4424 ,στράτευμα
1361 4347 1438 4421 11Ῑῶ

219 4440 249 4494 11
268 4437 353 4508 paulo
371 4435 445 4494 inira
466 4437 527 4511 ,τὴν
547 4435 683 4512 capon&
702 4437 778 4507 dicit,
797 4439 857 4494 1111
871 4437 956 4495 dubio
969 4437 1109 4510 significat
1121 4455 1234 4494 manum
1246 4437 1324 4493 illam
1336 4436 1441 4507 gladio-

219 4529 313 4584 torum
330 4525 364 4582 D.
383 4526 472 4584 Bruti
965 4533 967 4537 ’
