3482 5098
797 293 1017 356 ..34-

308 493 421 556 autem
443 487 581 554 collecta
614 504 679 552 non
702 503 807 567 parva
840 503 941 550 manu
964 485 1142 552 satellitum
1169 504 1229 567 per
1255 485 1397 554 medium
1421 489 1528 556 lorum
1589 511 1594 518 ·

301 585 492 680 ¹ingressum
515 611 588 660 1111
612 592 746 658 caedem
770 590 924 658 Caesaris
947 593 1102 659 ulturum.
1110 591 1138 677 1)

395 700 462 769 Ubi
483 700 518 768 id
540 701 664 767 lactum
688 717 760 766 esse
782 698 948 781 viderent,
976 699 1032 781 qui
1055 702 1134 766 ante
1162 699 1250 767 dubii
1279 700 1434 786 luissent,
1468 705 1543 772 hos·

309 807 505 877 confluxisse
528 806 571 874 ad
592 805 666 872 illos
683 805 824 887 arreptis
841 806 952 887 armis,
976 825 1035 873 suo
1051 825 1212 889 quemque
1236 825 1310 874 cum
1330 809 1529 896 sodalicio,⁹)

310 921 344 984 et
366 932 522 999 magnum
546 913 726 980 exercitum
748 912 873 979 factum
897 931 979 979 esse.
1025 913 1145 980 Fuisse
1168 915 1283 997 etiam,
1307 916 1363 997 qui
1385 922 1475 985 metu
1497 920 1531 986 id

307 1024 465 1103 facerent,
489 1020 545 1103 qui
560 1038 626 1086 non
641 1020 764 1086 vellent
778 1019 989 1087 manifestum
1004 1021 1076 1086 lieri
1091 1041 1186 1088 suurn
1202 1022 1242 1088 de
1259 1021 1414 1091 Caesaris
1430 1027 1531 1094 caede

307 1131 482 1216 gaudium,
498 1128 555 1196 sed
572 1146 645 1195 cum
661 1127 713 1194 his
729 1128 888 1194 facientes
909 1128 1109 1195 inservirent
1124 1131 1195 1211 spei
1209 1149 1319 1197 rerum
1334 1132 1530 1202 suturarum.

396 1237 520 1304 Multos
544 1238 655 1302 autem
681 1234 814 1302 nuntios
837 1236 956 1302 missos
992 1254 1065 1303 esse
1088 1237 1130 1303 ad
1154 1256 1226 1321 eos,
1262 1239 1318 1320 qui
1341 1259 1362 1306 a
1385 1238 1531 1308 Caesare

308 1344 467 1414 beneficia
489 1344 704 1426 accepissent,
729 1343 810 1427 (sive
833 1343 867 1410 in
889 1342 1023 1410 urbibus
1047 1344 1141 1412 sedes
1165 1346 1380 1430 accepissent,
1405 1349 1531 1416 sivein

308 1472 407 1538 agros
431 1450 562 1520 deducti
577 1450 727 1533 luissent,
751 1450 822 1516 sive
837 1451 996 1533 pecuniae
1019 1451 1066 1518 eis
1090 1452 1286 1520 distributae
1309 1454 1471 1541 fuissent),
1487 1493 1531 1504 -

308 1563 342 1628 in
366 1579 404 1628 eo
429 1559 515 1628 enirn
550 1576 637 1639 esse,
671 1562 709 1625 ut
737 1558 846 1624 omnia
879 1563 1083 1642 corruerent,
1118 1560 1182 1627 nisi
1209 1561 1251 1627 ab
1286 1561 1367 1643 ipsis
1401 1581 1530 1646 quoque

309 1673 443 1736 strenue
477 1665 599 1748 aliquid
633 1668 797 1749 ageretur.
851 1667 975 1734 Multas
1009 1668 1262 1750 lamentationes
1299 1673 1333 1736 et
1367 1671 1530 1752 supplices

308 1793 422 1859 preces
446 1774 534 1856 apud
567 1772 653 1840 illius
676 1773 800 1840 amicos
830 1772 1050 1856 1111111111,
1086 1779 1120 1841 ct
1142 1775 1284 1842 maxime
1313 1794 1385 1858 eos,
1420 1778 1475 1859 qui
1498 1779 1531 1843 in

311 1879 571 1965 expeditionibus
595 1880 664 1947 eius
688 1880 853 1962 quondam
876 1881 957 1950 socii
979 1881 1133 1964 luissent,
1161 1881 1348 1950 meminisse
1371 1883 1531 1966 iubentes,

310 1989 417 2074 qualis
439 1988 491 2055 vir
514 1988 624 2070 qualia
639 2006 758 2070 passus
775 1992 873 2070 esset,
898 1988 984 2070 quod
1007 1989 1184 2056 destitutus
1200 1990 1317 2056 luisset
1340 1990 1382 2057 ab
1406 1991 1536 2059 amicis..

399 2094 605 2164 Conlluxisso
630 2100 741 2163 autem
764 2095 831 2162 iam
865 2095 986 2162 multos
1021 2095 1074 2162 vel
1100 2097 1313 2164 miseratione
1339 2100 1393 2165 vel
1420 2118 1536 2167 amore

312 2208 503 2287 commotos,
526 2205 579 2271 vel
603 2222 664 2271 sua
687 2204 749 2270 sibi
764 2205 857 2271 lucra
880 2224 920 2270 ex
942 2203 1037 2270 novis
1053 2204 1150 2271 rebus
1173 2209 1381 2288 quaerentes,
1405 2211 1440 2273 et
1462 2210 1532 2273 tum

310 2313 467 2395 maxime,
502 2311 558 2377 ubi
580 2311 748 2380 remissius
777 2312 819 2378 ab
843 2311 1043 2382 adversariis
1072 2311 1127 2394 agi
1154 2311 1319 2394 viderent,
1354 2333 1460 2396 neque
1482 2315 1532 2381 uti

310 2425 388 2488 ante
422 2419 706 2501 exspectavissent
739 2418 773 2484 in
808 2419 992 2500 suspicione
1026 2418 1144 2485 virium
1162 2501 1163 2504 Ἴ
1178 2419 1350 2487 maiorum.
1396 2421 1532 2488 Dictum

311 2531 422 2599 autem
439 2545 511 2594 csse
526 2525 592 2592 iarn
608 2527 729 2608 palam,
754 2544 836 2608 opus
852 2545 925 2594 esse
940 2546 1014 2593 cum
1030 2526 1154 2608 ulcisci,
1177 2546 1283 2609 neque
1300 2527 1396 2596 aliter
1412 2529 1533 2608 faeere,

311 2625 416 2717 neque
451 2634 585 2701 caedem
618 2633 813 2716 impunitam
847 2633 963 2700 sinere.
1009 2632 1104 2700 Alios
1134 2638 1244 2700 autem
1274 2634 1340 2704 alia
1361 2635 1395 2701 in
1419 2639 1533 2702 coetus

311 2746 528 2827 congregatos
552 2741 683 2824 dixisse,
706 2742 767 2808 hos
791 2742 833 2808 ab
855 2742 918 2823 his,
941 2741 1013 2808 illos
1037 2741 1165 2808 abillis
1189 2746 1327 2808 stantes.

401 2847 547 2930 Quorum
570 2854 682 2917 autem
703 2849 937 2932 rempublicam
960 2849 1090 2915 restitui
1116 2849 1308 2932 interesset,
1338 2850 1532 2918 laetantium

312 2958 352 3024 de
374 2957 530 3024 universa
557 2977 666 3024 rerum
701 2957 971 3040 commutatione,
1007 2957 1067 3022 hos
1102 2957 1351 3039 reprehendisse
1375 2957 1531 3026 Caesaris

311 3064 556 3146 interfectores,
591 3065 678 3148 quod
712 3084 777 3132 non
811 3067 920 3146 plures
943 3065 1188 3132 interemissent
1222 3084 1349 3148 eorum,
1385 3065 1441 3149 qui
1462 3070 1533 3132 tum

312 3171 457 3253 suspecti
491 3171 645 3254 fuissent,
681 3177 714 3240 et
748 3172 928 3239 stabilitam
962 3172 1043 3255 ipsis
1078 3171 1297 3239 reddidissent
1330 3173 1532 3242 libertatem:

312 3278 446 3362 negotia
469 3279 565 3368 enim,
589 3280 646 3362 qui
668 3279 774 3347 relicti
797 3283 917 3363 essent,
941 3299 1006 3346 non
1029 3298 1138 3362 pauca
1159 3284 1336 3362 paraturos
1361 3299 1444 3348 esse.

386 3474 408 3544 ¹)
436 3472 480 3546 Τῇ
500 3469 532 3527 δὲ
551 3471 702 3549 ὑστεραίᾳ
728 3472 759 3548 ἦν
779 3469 823 3548 μὲν
852 3472 877 3526 ἐν
897 3471 983 3536 ὅπλοις
1003 3474 1143 3536 Ἀντώνιος
1172 3471 1266 3536 ὕπατος
1295 3472 1347 3546 ὤν,
1374 3472 1487 3536 nerito<
1507 3473 1536 3529 δὲ

315 3560 445 3638 oillpoiodc¹
460 3559 503 3618 οὐκ
516 3559 603 3638 ὀλίγην
617 3559 737 3638 στρατιὰν
750 3560 898 3634 ἐπικούρων,
917 3561 958 3616 διὰ
971 3563 1051 3636 μέσης
1065 3561 1158 3638 druppis
1171 3561 1277 3636 διεξὴει,
1297 3561 1398 3637 ἀμύνειν
1418 3560 1535 3638 ἐγνωκὼς

316 3646 433 3724 Καίσαρι.
758 3657 762 3665 “

386 3740 408 3812 ²)
427 3737 464 3802 ὥς
483 3738 511 3794 δὲ
529 3743 604 3794 τοῦτο
623 3738 723 3816 reprobe
742 3732 809 3796 εἶδον
828 3741 851 3795 οἱ
862 3739 985 3816 πρότερον
1005 3740 1188 3811 bebetetur-ter,
1207 3736 1341 3820 συνέῤῥεον
1363 3738 1426 3815 πρὸς
1445 3739 1539 3806 αὐτοὺς

315 3829 374 3903 μεθ’
394 3828 479 3883 ὅπλων
497 3825 561 3883 κατὰ
579 3827 645 3892 ἰδίας
664 3828 805 3904 ἑταιρείας,
827 3827 869 3886 καὶ
887 3831 949 3905 μὲῑα
969 3830 1112 3903 στράτευμα
1131 3830 1236 3905 ἐγένετο.
1257 3830 1290 3888 cf.
1309 3831 1463 3888 Mommsen
1482 3833 1536 3901 (Dc

314 3918 439 3990 collegiis
458 3920 487 3976 et
505 3919 656 3991 sodaliciis,
676 3919 768 3976 Kiliae
790 3923 868 3990 1843)
887 3938 915 3992 p.
933 3924 976 3978 40.
996 3921 1011 3990 ξ
1031 3923 1060 3978 61
1084 3919 1173 3990 „Cum
1191 3924 1285 3977 rerum
1303 3909 1376 3976 ordo
1390 3919 1467 3993 apud
1484 3907 1538 3978 Ro-

315 4024 413 4066 manos
431 4009 635 4076 immutaretur,
655 4011 684 4066 et
695 4009 801 4067 liberae
819 4011 861 4066 rei
873 4010 1002 4081 publicae
1020 4008 1110 4066 forma
1126 4010 1159 4065 in
1175 4026 1293 4081 regnum
1313 4011 1419 4067 sensim
1437 4011 1537 4081 abiret,

315 4096 422 4154 Romae
440 4114 551 4171 quoque
570 4099 707 4164 malorum
724 4099 867 4156 hominum
886 4099 1106 4157 consociationes
1124 4099 1205 4169 illae,
1230 4116 1302 4172 quae
1321 4099 1418 4157 turbas
1443 4099 1538 4180 civiles

316 4189 345 4244 et
362 4188 443 4261 sequi
465 4191 494 4244 et
516 4188 634 4246 incitare
660 4205 758 4245 rursus
785 4188 889 4258 solent,
916 4189 1081 4261 saepissime
1099 4187 1210 4246 fiebant.
1248 4189 1326 4258 Quae
1345 4232 1352 4245 .
1372 4231 1380 4246 .
1401 4189 1432 4245 in
1453 4189 1538 4247 rebus

316 4275 451 4333 Romanis
465 4278 630 4335 enarrandis
639 4278 803 4350 neutiquam
816 4279 1000 4350 negligendae
1012 4281 1105 4336 sunt.“
1129 4277 1181 4334 Hie
1190 4277 1275 4348 igitur
1284 4277 1371 4335 habes
1382 4277 1539 4350 exemplum

316 4363 585 4438 luculentissimum,
615 4369 747 4440 quantam
776 4367 904 4441 singulae
922 4367 1057 4425 factiones
1075 4367 1132 4424 uim
1154 4367 1185 4423 in
1202 4367 1286 4426 robus
1309 4367 1428 4439 publicis
1445 4366 1540 4432 mode

315 4455 411 4512 randis
429 4459 490 4513 tum
508 4456 666 4514 habuerint.
