3482 5098
721 358 941 434 *ss-

222 548 341 617 bellam
386 549 545 632 collegam
590 565 686 614 suum
731 533 914 633 agnovit,¹)
960 551 1096 616 senatus
1142 548 1253 616 autem
1291 545 1443 614 Ciceroni

219 653 408 740 assensusil
435 673 537 738 quam
559 651 758 739 celerrimi)
787 654 948 738 decrevit,
971 658 1009 722 ut
1030 653 1295 722 interfectoribus
1323 653 1441 720 oblivio

219 762 330 830 caedis
353 762 596 846 concederetur,
621 766 698 830 acta
721 768 832 830 autem
855 762 1012 831 Caesaris
1035 762 1289 845 servarentur.)

310 868 383 952 Quo
406 875 542 938 senatus
565 870 714 937 consulto
731 869 830 953 facto,
853 871 1016 953 quomodo
1038 870 1205 937 Antonius
1220 868 1346 950 Lepido
1368 887 1442 950 per·

220 978 375 1059 suaserit,
403 982 442 1043 ut
467 977 585 1044 maiori
606 977 697 1060 parti
719 978 837 1046 cedens
861 997 883 1045 a
904 978 988 1044 bello
1012 976 1196 1057 desisteret,
1224 981 1258 1042 et
1280 975 1442 1057 quomodo

218 1089 394 1152 veteranos
417 1086 515 1168 plane
538 1085 581 1152 ad
604 1103 720 1167 pacem
742 1104 864 1167 pronos
891 1084 1079 1167 reddiderit,
1107 1088 1141 1150 et
1163 1083 1324 1166 quomodo
1348 1101 1442 1149 suum

219 1191 321 1259 filium
346 1192 491 1260 obsidem
513 1192 548 1258 in
571 1190 771 1274 Capitolium
794 1193 921 1260 miserit
947 1192 1108 1275 fidemque
1131 1189 1348 1258 descendendi
1369 1194 1441 1256 tuto

218 1299 482 1368 interfectoribus
507 1299 647 1382 dederit,
679 1300 767 1382 apud
790 1301 932 1367 Diouem
956 1299 1078 1382 optime
1100 1299 1194 1365 nobis
1217 1298 1342 1364 tradita
1365 1303 1442 1363 sunt

219 1406 296 1490 (Dio
320 1407 341 1472 l.
364 1407 385 1473 l.
409 1407 507 1489 4-7,
532 1407 572 1473 of.
596 1408 669 1474 Nic.
696 1408 736 1472 17
761 1413 796 1474 et
819 1407 888 1474 Cic.
911 1408 929 1473 Ι
951 1405 1038 1474 Phil.
1062 1407 1082 1470 2
1106 1411 1139 1472 et
1162 1406 1228 1488 31).

307 1515 473 1582 Antonius
508 1515 608 1598 igitur
643 1515 761 1581 bellum
789 1516 884 1582 civile
912 1516 979 1581 iam
1002 1515 1152 1580 exoriens
1180 1517 1385 1597 represserat
1408 1516 1442 1578 et

217 1620 390 1688 videbatur
413 1641 431 1687 e
455 1622 551 1688 robus
575 1621 771 1688 difficillimis
796 1623 918 1688 exitum
941 1621 1106 1688 invenisse
1130 1620 1297 1703 optimum.
1434 1608 1437 1613 ’

307 1727 432 1810 Quodsi
464 1729 498 1794 in
522 1729 654 1796 exordio
689 1728 785 1796 huius
820 1728 1023 1811 quaestionis
1048 1727 1217 1795 Ciceronis
1252 1728 1292 1794 de
1321 1746 1359 1792 eo
1389 1727 1441 1793 die

220 1835 444 1902 testimonium
466 1854 683 1918 posueramus
707 1836 750 1920 (p.
767 1835 812 1920 3),
835 1837 935 1903 dceat
957 1837 991 1902 in
1014 1836 1078 1902 fine
1094 1835 1212 1902 afferre
1234 1835 1336 1902 verba
1359 1835 1439 1915 eius,

218 1943 274 2034 qui
296 1943 435 2010 Antonii
456 1942 561 2010 vitam
584 1943 718 2025 scripsit
740 1943 843 2030 (Plut.
870 1943 993 2010 Auton.
1019 1943 1088 2027 14):

297 2047 390 2129 Ἐξῄει
415 2048 445 2108 δὲ
464 2052 513 2128 τῆς
534 2051 634 2128 βουλῆς
654 2033 852 2128 λαμπρότατοσ
876 2048 1030 2129 ἀνθρώπων
1051 2049 1066 2108 ὁ
1089 2048 1243 2123 Ἀντώνιος,
1275 2047 1440 2128 ἀνῃρηκέναι
1504 2064 1506 2068 ’

217 2149 308 2208 δοκῶν
330 2146 461 2227 ἐμφύλιον
481 2146 603 2224 πόλεμον
624 2146 670 2207 καὶ
690 2145 827 2225 πράγμασι
850 2147 994 2212 δυσκολίας
1016 2149 1109 2227 ἔχουσι
1129 2147 1175 2208 καὶ
1194 2147 1316 2228 ταραχὰς
1339 2146 1371 2207 οὔ
1391 2147 1440 2213 τὰς

216 2244 351 2326 τυχούσας
371 2245 576 2326 ἐμφρονέστατα
596 2244 748 2325 κεχρῆσθαι
768 2244 815 2306 καὶ
835 2244 1040 2305 πολιτικώτατα.

306 2345 419 2427 Atque
449 2346 532 2411 haec
555 2344 684 2426 quidem
720 2363 828 2426 pauca
855 2344 898 2410 ad
921 2343 1091 2410 consilium
1117 2343 1196 2410 illud
1223 2344 1366 2410 secundo
1389 2344 1440 2410 die

217 2451 364 2518 habitum
388 2451 538 2518 addenda
562 2458 672 2534 erant,
701 2455 839 2518 utente
862 2452 973 2518 oculos
996 2451 1089 2516 uobis
1115 2468 1325 2533 poneremuS,
1360 2470 1439 2534 quo-

218 2559 313 2624 modo
329 2559 507 2642 Antonius,
531 2559 617 2641 quod
639 2559 673 2624 in
697 2577 735 2624 eo
752 2559 887 2626 oonsilio
910 2559 1019 2626 facere
1040 2559 1242 2640 decreverat,
1266 2562 1439 2624 exsecutus

218 2670 315 2732 esset.

221 2784 432 2793 ——-———-

294 2843 313 2900 ¹l
331 2841 388 2900 Cic.
407 2843 426 2899 l.
445 2843 464 2900 l.

290 2931 312 3002 ¹)
331 2931 459 2990 Ciceroni
476 2932 626 3007 plerosque
638 2949 769 2991 assensus
788 2949 850 2991 esse
862 2934 907 2990 vel
924 2932 990 2991 inde
1002 2934 1121 3008 fortasse
1134 2932 1261 2990 conicere
1274 2932 1349 3004 licet,
1367 2932 1442 3006 quod

220 3018 370 3079 Suetonius
397 3021 502 3093 (Tiber.
521 3024 550 3092 4)
578 3021 685 3079 'liberii
702 3021 823 3079 Neronis
851 3023 1005 3096 quaestorii
1030 3023 1199 3081 sentemiam
1222 3038 1441 3080 commemorans

219 3109 333 3180 (,etiam
362 3109 398 3168 de
415 3111 550 3182 praemiis
571 3111 811 3183 tyrannicidarum
828 3111 1007 3170 referendum
1029 3113 1163 3170 censuit.“
1193 3110 1228 3171 cs.
1245 3111 1320 3186 App.
1340 3114 1390 3169 121
1413 3114 1442 3168 ο1

219 3197 292 3257 Plut.
309 3199 390 3258 Brut.
410 3202 451 3256 la.
473 3205 500 3270 1)
522 3201 636 3274 proprie
653 3200 812 3272 praemisit:
842 3200 974 3266 „Cunctis
998 3203 1144 3260 turbarum
1161 3204 1239 3259 metu
1261 3201 1441 3276 abolitionem

218 3287 286 3346 iacti
303 3287 541 3348 decernentibus.“

293 3378 314 3450 8)
333 3379 514 3451 Quantopere
532 3396 578 3436 res
596 3380 709 3450 urserit,
727 3381 832 3452 optime
850 3381 1023 3452 significatur
1040 3381 1084 3438 his
1104 3382 1188 3454 atque
1206 3380 1269 3436 aliis
1287 3380 1356 3437 locis
1376 3380 1440 3449 (Dio

219 3468 318 3540 215)1
338 3466 386 3539 ,ἄν
399 3470 434 3543 μή
448 3483 473 3522 τι
484 3470 595 3545 τήμερον
607 3460 649 3523 καὶ
661 3467 712 3544 ἠδη
725 3488 752 3544 γε
772 3467 818 3524 ὅτι
833 3469 971 3543 τάχιστα
987 3469 1223 3545 τροβουλεύσωμεν,
1241 3467 1294 3524 οὐδ’
1308 3466 1439 3541 ἀναλαβεῖν

220 3555 417 3631 δονησόμσθσθ,
443 3561 487 3616 31.
507 3562 530 3616 1.
559 3556 731 3632 ,βουλεύεσθε
749 3560 807 3634 περὶ
828 3563 881 3613 τῶν
904 3559 1091 3634 ἐνεστηκότων,
1118 3557 1187 3621 ὅπως
1210 3556 1240 3614 ἂν
1262 3556 1441 3632 ἀσφαλέστατα

218 3648 346 3719 καταστῇ*
366 3679 400 3688 -
418 3650 437 3706 3
456 3645 511 3719 ,ἔτι
523 3645 657 3723 ἄρχεται
675 3648 705 3704 τὸ
723 3643 858 3704 istriensi
876 3646 934 3703 οὔτε
946 3649 1089 3704 cellolam
1109 3649 1295 3724 συνεστήκασιν.
1314 3647 1348 3704 cf.
1366 3645 1439 3704 Plus.

217 3735 296 3794 Brut.
318 3738 358 3794 19.
377 3739 404 3794 2.

291 3826 311 3897 ¹)
330 3826 352 3883 1.
371 3824 447 3884 Pru
461 3829 505 3886 23.
541 3827 576 3885 Π.
593 3825 665 3884 Phil.
688 3829 747 3886 100.
781 3829 930 3900 Appianas
949 3829 1000 3885 has
1018 3845 1065 3885 res
1084 3827 1167 3885 nimis
1186 3827 1354 3885 conmaheus
1373 3824 1441 3883 dicit

219 3914 373 3974 Antonium
390 3932 446 3973 non
464 3916 555 3974 solum
573 3920 644 3988 acta,
660 3917 717 3976 ,sed
736 3917 820 3975 etiam
839 3919 952 3976 decreta
970 3917 1099 3976 Caesaris
1123 3920 1185 3974 rata
1207 3915 1308 3973 iecisse
1327 3917 1393 3985 (132
1413 3917 1441 3971 et

221 4006 284 4062 135:
303 3997 409 4080 ρῖρνεται
426 4006 506 4081 itura
517 4005 590 4080 κύρια
602 3999 665 4061 εἶναι
677 4005 710 4061 τὰ
723 4009 882 4083 τετρημένα
894 4007 961 4081 αῦτῖρ
970 4008 1053 4063 πάντα
1069 4001 1110 4062 καί
1129 4007 1280 4083 ἐρνωσμένα,
1299 4009 1328 4062 et
1339 4003 1390 4062 III.
1403 4006 1440 4075 5),

219 4096 367 4166 postquam
384 4098 467 4154 nocte
485 4098 551 4153 ante
563 4097 696 4168 pecunias
715 4099 744 4154 et
756 4098 969 4155 commentarios
983 4097 1111 4154 Caesaris
1130 4096 1167 4153 ad
1178 4095 1332 4154 Antonium
1349 4096 1439 4150 nans·

219 4187 332 4255 portata
351 4201 413 4242 esse
430 4186 557 4242 narmvit
580 4186 665 4258 (125).
702 4185 757 4243 Sed
776 4185 811 4243 de
828 4186 950 4244 decretis
969 4186 1097 4244 Caesaris
1122 4189 1154 4243 ut
1176 4183 1305 4242 consules
1323 4197 1440 4253 cognos-

220 4278 323 4346 cerent,
342 4277 456 4332 senatus
475 4278 594 4332 exeunte
612 4275 725 4332 demum
742 4291 838 4332 meuse
850 4275 950 4333 Martio
970 4274 1093 4333 decrevit
1105 4275 1280 4346 (Mommsen,
1298 4272 1339 4330 St
1351 4271 1385 4328 R.
1396 4269 1440 4327 111

219 4379 246 4434 p.
266 4362 332 4436 1x),
359 4366 388 4420 et
413 4365 482 4421 item
501 4364 693 4422 commentarii
709 4361 753 4420 illi
770 4367 800 4424 et
820 4364 959 4436 pecuniae
978 4364 1106 4422 Gaesauis
1129 4362 1249 4420 fortasse
1270 4363 1440 4419 testamento

220 4451 332 4511 demum
350 4451 480 4511 Caesaris
498 4457 596 4527 aperto
615 4471 632 4530 a
651 4452 804 4527 Calpmnia
821 4453 897 4526 apud
914 4453 1069 4512 Antonium
1093 4453 1220 4525 deposita
1243 4456 1316 4510 sunt.
1354 4448 1433 4522 (Plut

220 4542 287 4601 Ant.
306 4545 348 4603 15.
366 4541 402 4601 ci.
420 4542 478 4602 Cic.
495 4543 523 4601 ll
540 4542 612 4603 Phil.
633 4545 705 4616 109.)
