3482 5098
822 301 1041 365 ...18-

413 490 486 573 Quo
520 493 552 558 in
588 492 699 575 populi
733 496 824 558 statu
851 491 896 558 M.
919 493 1076 575 Brutum,
1110 493 1143 558 in
1177 493 1244 560 alto
1273 493 1401 559 silentio
1430 493 1541 576 populi

323 600 436 666 futura
458 600 695 685 exspectantis,
719 619 793 666 cum
816 598 981 682 probitate
1003 601 1092 667 vitae
1116 619 1196 668 suae
1217 601 1259 667 ab
1276 601 1425 667 omnibus
1440 601 1541 667 hono·

323 711 443 790 ratum,
478 712 550 773 tum
582 711 717 790 propter
750 706 889 791 gloriam
923 708 1084 774 maiorum
1119 726 1250 774 suorum
1279 713 1313 774 ot
1334 707 1541 788 modestiam,

324 832 408 896 quae
436 813 506 881 eius
533 814 667 897 propria
689 815 884 882 credebatur
906 833 993 898 esse,
1028 816 1115 882 hanc
1137 815 1319 882 orationem
1342 815 1542 900 habuisse.1)

411 922 495 988 Post
534 922 719 989 contionem
754 940 810 988 eos
844 922 878 988 in
913 921 1112 1005 Capitolium
1147 942 1298 990 reversos
1333 923 1542 1003 deliberasse,

324 1030 401 1112 quid
422 1030 457 1095 in
479 1029 647 1112 praesenti
668 1049 778 1097 rerum
801 1033 893 1096 statu
909 1030 1093 1096 faciendum
1109 1035 1207 1097 esset.
1244 1030 1416 1097 Placuisse
1431 1034 1543 1097 autem

323 1138 371 1204 eis
404 1138 532 1220 legatos
566 1136 698 1203 mittere
721 1137 764 1203 ad
785 1136 948 1219 Lepidum
976 1141 1010 1203 et
1031 1135 1229 1218 Antonium,
1264 1138 1381 1220 quibus
1407 1155 1542 1220 persua-

323 1246 456 1328 derent,
487 1250 524 1311 ut
559 1246 601 1312 ad
628 1244 719 1327 ipsos
741 1244 775 1310 in
799 1247 956 1328 templum
981 1243 1202 1328 Capitolinum
1224 1244 1376 1312 venirent
1399 1249 1433 1310 et
1455 1262 1542 1311 com·

323 1352 466 1419 muniter
489 1370 562 1418 cum
585 1352 665 1434 ipsis
689 1352 917 1434 deliberarent,
942 1352 1019 1435 quid
1042 1372 1060 1419 e
1083 1372 1119 1418 re
1139 1352 1269 1434 publica
1283 1352 1433 1420 futurum
1445 1356 1543 1433 esset,

323 1460 504 1542 quibusque
527 1459 767 1542 promitterent,
791 1478 1004 1541 quaecunque
1028 1477 1049 1525 a
1065 1458 1210 1526 Caesare
1226 1463 1365 1541 accepta
1381 1462 1542 1540 tenerent,

321 1585 381 1649 pro
409 1566 503 1633 donis
527 1571 603 1633 rata
627 1585 662 1632 se
686 1566 857 1632 habituros
882 1585 970 1648 esse,
1007 1586 1047 1633 ne
1070 1567 1187 1633 horum
1211 1567 1328 1633 saltem
1352 1583 1455 1632 causa
1478 1564 1543 1632 dis·

322 1675 437 1742 cordes
460 1679 581 1742 essent.

412 1782 496 1849 Oum
520 1785 630 1848 autem
653 1781 755 1865 legati
779 1782 821 1848 ad
842 1779 1003 1862 Lepidum
1027 1785 1061 1846 et
1075 1779 1258 1847 Antonium
1281 1779 1460 1862 venissent,
1483 1779 1543 1845 hos

323 1889 444 1957 dixisse
481 1888 639 1972 postridie
677 1907 713 1954 se
751 1906 966 1970 responsuros
1002 1907 1085 1954 esse.
1148 1885 1273 1969 Quibus
1307 1886 1437 1969 vesperi
1470 1904 1543 1952 sero

323 1997 420 2064 sactis
441 1997 543 2063 multo
559 1995 717 2063 maiorem
733 1995 913 2062 detinuisse
924 1995 1037 2061 urbem
1050 1996 1236 2076 tumultum,
1253 2013 1293 2061 ao
1305 1994 1374 2060 suis
1386 2012 1545 2077 quemque

322 2104 419 2171 rebus
443 2103 646 2170 consuluisse
663 2102 842 2169 communis
859 2102 976 2169 salutis
992 2120 1072 2168 cura
1087 2101 1153 2168 iam
1169 2101 1415 2184 praetermissa,
1438 2105 1507 2168 m'et
1530 2136 1543 2148 ·

323 2217 431 2278 entem
462 2211 651 2292 repentinas
686 2209 822 2277 insidias
857 2214 892 2276 ct
924 2209 1082 2292 impetus,
1118 2209 1286 2292 quoniam,
1322 2209 1377 2292 qui
1404 2209 1546 2291 primum

323 2318 508 2386 obtinerent
529 2320 653 2399 locum,
676 2317 711 2383 in
734 2317 835 2384 armis
860 2320 971 2383 essent
994 2320 1028 2382 et
1051 2320 1163 2382 castra
1187 2316 1307 2382 castris
1331 2320 1545 2398 opponerent,

321 2426 402 2509 ipsis
426 2431 537 2493 autem
559 2425 720 2492 incertum
744 2429 843 2508 esset,
867 2425 923 2507 qui
945 2444 1054 2490 rerum
1077 2425 1242 2507 potiturus
1266 2429 1364 2492 esset.

303 2543 313 2554 '
412 2532 487 2616 Qua
508 2533 638 2600 Nicolai
665 2533 856 2599 narratione
881 2532 1003 2598 collata
1025 2551 1099 2598 cum
1123 2531 1241 2598 ceteris
1265 2531 1461 2598 testimoniis
1485 2531 1545 2598 tali

323 2642 391 2708 fere
415 2641 527 2708 ordine
550 2659 623 2707 sese
647 2639 756 2706 contio
780 2639 948 2722 excepisse
972 2638 1116 2705 videtur:

409 2747 691 2830 Interfectoribus,
716 2766 789 2813 cum
807 2745 971 2829 Capitolio
989 2750 1149 2828 occupato
1173 2764 1194 2812 a
1217 2749 1310 2829 tergo
1334 2746 1399 2812 tuti
1422 2749 1542 2826 essent,

322 2855 447 2938 placuit
468 2860 613 2936 tentare,
642 2855 803 2938 quomodo
827 2854 965 2936 populus
989 2857 1023 2919 et
1045 2853 1261 2937 magistratus
1288 2872 1360 2919 sese
1384 2853 1542 2919 adversus

321 2963 411 3046 ipsos
444 2963 570 3047 gesturi
598 2967 721 3030 essent:
757 2961 869 3042 itaque
896 2961 941 3027 M.
969 2960 1095 3025 Brutus
1128 2964 1264 3042 praetor
1296 2960 1441 3026 urbanus
1476 2977 1542 3025 una

322 3090 395 3137 cum
419 3070 457 3137 O.
482 3069 598 3138 Cassio
623 3074 776 3153 praetore
798 3069 954 3152 populum
977 3067 1215 3153 convocavit.)

410 3177 449 3244 In
476 3178 556 3244 urbe
585 3181 711 3260 autem,
734 3177 790 3243 ubi
812 3181 927 3242 notum
949 3176 1074 3243 factum
1097 3180 1170 3242 erat
1194 3173 1374 3241 Gaesarem
1397 3173 1541 3240 occisum

320 3303 404 3366 esse,
416 3285 555 3367 populus
567 3283 710 3367 pervias
727 3288 761 3351 et
772 3303 831 3366 per
842 3283 948 3349 forum
960 3283 1113 3364 frequens
1126 3282 1341 3348 discurrerat:
1355 3300 1429 3347 cum
1440 3279 1542 3363 igitur

320 3396 490 3475 praetores
524 3393 680 3475 populum
715 3395 951 3474 convocarent,
986 3389 1101 3457 statim
1129 3389 1164 3455 in
1190 3389 1296 3455 forum
1320 3390 1539 3471 congregatus

321 3504 382 3581 est,
400 3505 434 3566 et
448 3500 501 3566 vel
517 3499 556 3581 ei,
573 3499 629 3580 qui
643 3498 783 3581 primum
798 3497 962 3581 fugerant,
979 3502 1101 3580 tamen,
1118 3496 1204 3578 quod
1220 3512 1314 3562 nemo
1331 3494 1541 3561 occidebatur

319 3608 373 3673 vel
395 3606 671 3690 prehendebatur,
699 3605 808 3672 animo
836 3610 969 3687 recepto
996 3603 1030 3669 in
1058 3603 1243 3671 contionem
1272 3597 1539 3684 convenemmt.³)

394 3766 415 3838 1)
435 3762 597 3822 Orationem
614 3779 695 3824 suam
713 3764 744 3820 in
762 3779 796 3820 ea
814 3763 944 3822 contione
956 3762 1082 3819 habitam
1094 3761 1130 3818 ll.
1143 3761 1247 3818 Brutus
1264 3760 1325 3832 ipse
1342 3761 1441 3831 postea
1453 3755 1541 3814 edidit

323 3855 388 3928 (Cic.
418 3855 461 3912 od.
489 3854 548 3911 Att.
571 3853 629 3912 XV.
660 3858 683 3910 l.
712 3854 739 3912 b.
763 3855 801 3922 2).
838 3853 917 3924 Quae
944 3851 1019 3924 apud
1043 3850 1189 3907 Nicolaum
1208 3849 1243 3907 de
1262 3847 1387 3906 oratione
1404 3847 1441 3903 ll.
1459 3846 1541 3904 Bruti

315 3945 424 4018 ¹tradita
442 3947 531 4015 erant,
549 3946 696 4015 excerptor
713 3943 744 4000 iu
761 3943 848 3999 alium
865 3943 958 3999 locum
975 3939 1122 3998 transtulit
1139 3941 1180 3997 sic
1199 3938 1350 3996 adnotans:
1370 3936 1444 4010 ζήτει
1459 3935 1484 3990 ἐν
1503 3940 1540 4010 etp

320 4032 378 4110 sepi
395 4034 558 4108 δημηηοριῶν
577 4032 715 4104 (Schmidt
732 4032 751 4088 l.
770 4032 788 4088 l.
808 4050 835 4105 p.
856 4033 927 4103 679).
1534 4042 1536 4045 ’

392 4125 414 4195 ¹)
432 4123 493 4182 Hoc
521 4123 562 4181 sic
589 4122 703 4196 quidem
730 4121 865 4180 traditum
892 4136 948 4176 non
975 4122 1032 4190 est,
1060 4118 1111 4176 sed
1140 4135 1174 4174 ex
1196 4134 1227 4174 re
1244 4117 1307 4188 ipsa
1324 4116 1477 4188 requiritur
1495 4115 1540 4188 (cf.

319 4213 480 4286 Mommsen,
499 4213 541 4272 St
553 4213 586 4270 R.
599 4214 653 4272 ΙΙ.8
664 4231 692 4285 p.
708 4215 779 4284 127).
798 4212 917 4268 Brutum
936 4212 964 4267 et
977 4208 1105 4267 Gessium
1117 4207 1264 4280 Appianas
1283 4205 1371 4263 altero
1391 4206 1453 4263 loco
1467 4207 1540 4277 (137)

319 4320 376 4361 una
393 4304 525 4362 nominat.

391 4393 414 4463 ⁸)
430 4392 485 4450 Dio
503 4395 545 4450 20.
565 4397 590 4450 4.
610 4388 656 4462 ὀψὲ
675 4385 745 4444 tuot
764 4407 825 4463 ποτε
843 4387 884 4442 καί
902 4387 986 4461 μόλις,
1006 4384 1043 4448 ὥς
1062 4382 1119 4439 οὔτε
1132 4399 1170 4447 τις
1184 4381 1327 4458 ἐφονεύετο,
1345 4381 1403 4438 οὔτε
1417 4383 1539 4456 συνελαμ-

320 4480 423 4556 βάνετο,
449 4481 627 4558 θαρσήσαντες
652 4477 794 4554 ἡσύχασαν.
820 4469 862 4530 καὶ
881 4473 1056 4531 συνελθόντων
1074 4471 1158 4528 αὐτῶν
1178 4474 1203 4536 ἐς
1223 4472 1357 4545 ἐκκλησίαν
1377 4516 1385 4531 .
1403 4517 1410 4532 .
1429 4473 1472 4532 llx
1489 4472 1542 4528 hoc
