3482 5098
701 327 923 392 ..17-

204 541 383 607 occupasse
417 520 500 608 (25),
536 519 691 588 Caesaris
727 526 838 588 autem
873 538 991 603 corpus
1026 518 1158 586 domum
1185 521 1327 587 relatum
1350 538 1422 586 esse

203 630 284 718 (26),
308 631 391 698 haee
413 632 607 712 sequuntur:

106 733 110 740 ’
291 738 439 804 Primum
467 734 611 819 quidem,
647 735 828 823 quodiam
855 734 995 802 vidimus
1024 733 1067 820 (p.
1094 733 1142 821 7),
1177 733 1351 818 exponitur
1383 754 1424 801 ex

203 844 468 912 interfectoribus
504 844 547 910 D.
575 841 717 908 Brutum
751 842 953 926 gladiatores
987 841 1107 907 multos
1143 841 1311 924 aliquanto
1347 845 1424 908 ante

206 952 339 1018 caedem
363 968 588 1033 comparasse,
624 949 739 1015 deinde
762 949 845 1015 haec
868 953 1059 1016 narrantur:
1088 947 1152 1014 His
1175 948 1278 1015 fretos
1302 952 1336 1015 et
1359 948 1425 1014 alia

206 1077 375 1125 servorum
398 1076 498 1124 manu
522 1075 577 1122 eos
602 1075 620 1122 e
644 1055 807 1139 Capitolio
831 1053 1080 1140 descendissel)

294 1164 465 1231 Placuisse
501 1164 587 1230 enim
622 1163 668 1229 eis
704 1167 885 1230 convocato
914 1164 1034 1246 populo
1058 1161 1237 1244 periculum
1260 1161 1368 1228 iacere
1392 1166 1426 1228 et

206 1271 301 1339 huius
329 1278 363 1338 et
384 1271 649 1355 magistratuum,
674 1271 751 1353 quid
775 1271 935 1337 sentirent
958 1271 1116 1337 adversus
1132 1269 1238 1352 ipsos,
1262 1273 1373 1335 utrum
1388 1273 1426 1335 ut

206 1379 429 1464 tyrannicidas
452 1378 543 1461 ipsos
567 1378 755 1461 exciperent
778 1397 821 1444 an
843 1382 881 1444 ut
895 1378 1123 1444 interfectores
1141 1430 1148 1444 .
1167 1429 1174 1444 .
1193 1374 1232 1461 J)
1250 1375 1425 1462 [Populum

205 1491 316 1552 autem
339 1485 372 1551 in
395 1486 502 1552 forum
526 1486 640 1552 statim
664 1489 900 1570 congregatum
923 1483 1047 1570 esse:³)
1083 1485 1169 1566 quod
1193 1503 1266 1550 cum
1289 1483 1426 1550 vidisset

206 1592 313 1659 Cinna
327 1598 471 1678 praetor,
495 1597 628 1676 praeter
644 1593 787 1659 omnium
804 1592 989 1676 opinionem
1012 1611 1086 1658 enm
1109 1592 1142 1657 in
1165 1591 1307 1658 medium
1327 1591 1424 1673 prod·

204 1701 271 1767 isse
299 1705 333 1766 et
365 1701 399 1766 in
423 1704 533 1766 rostra
561 1718 729 1783 egressum
753 1698 932 1766 Gaesarem
956 1703 1133 1783 tyrannum
1157 1699 1357 1781 appellasse,
1393 1702 1427 1764 et

207 1809 262 1890 qui
289 1828 363 1874 eum
391 1808 616 1889 sustulissent,
652 1805 921 1892 tyrannicidas⁴)
966 1805 1130 1888 Populum
1153 1810 1264 1872 antem
1286 1806 1341 1872 vix
1365 1805 1426 1871 sibi

205 1916 404 1998 persuadere
433 1915 581 1998 potuisse
610 1915 789 1981 coniuratis
814 1915 897 1981 satis
920 1914 990 1980 iore
1013 1913 1192 1980 Caesarem
1214 1913 1320 1980 solum
1344 1912 1427 1979 occi·

207 2023 306 2105 disse,
330 2023 388 2090 sed
417 2022 620 2105 suspicatum
644 2021 761 2107 esseil]
785 2021 913 2088 maiora
927 2022 1016 2088 mala
1032 2021 1073 2087 ab
1090 2021 1137 2087 eis
1152 2020 1341 2103 profectura
1356 2039 1428 2087 esse

207 2168 251 2176 —
279 2149 343 2195 non
375 2129 460 2196 enim
483 2148 587 2212 parvo
611 2129 746 2195 consilio
771 2133 830 2195 ant
852 2129 965 2211 parvis
988 2128 1103 2211 opibus
1126 2128 1209 2194 haec
1230 2128 1322 2194 facta
1344 2147 1427 2210 esse,

207 2255 312 2318 neque
349 2255 370 2302 a
404 2236 521 2318 quibus
556 2237 647 2302 facta
682 2238 806 2317 essent,
841 2254 946 2316 neque
981 2239 1097 2301 contra
1124 2253 1206 2317 qnos
1234 2253 1274 2301 ea
1300 2235 1429 2302 intenta

206 2342 358 2410 fuissent:
383 2361 521 2426 magnos
545 2343 631 2408 enim
654 2361 727 2408 esse
751 2341 914 2408 exercitus
931 2340 1069 2407 Caesari
1091 2341 1218 2426 deditos
1243 2346 1277 2408 et
1290 2361 1429 2426 magnos

209 2450 307 2517 duces
332 2469 539 2517 successores
563 2449 772 2516 consiliorum
796 2449 865 2515 eins
889 2449 1031 2515 relictos.

297 2557 468 2625 Silentium
495 2557 596 2641 igitur
623 2561 693 2623 tum
720 2561 856 2639 propter
878 2576 947 2623 rem
969 2557 1136 2622 insolitam
1158 2557 1192 2623 in
1215 2574 1336 2640 magna
1359 2557 1428 2624 ani-

208 2684 335 2733 morum
355 2666 602 2749 perturbatione
618 2666 722 2731 altum
737 2664 849 2745 fuisse,
873 2664 1022 2730 omnibus
1038 2664 1327 2747 praestolantibus,
1352 2666 1429 2748 quid

209 2773 349 2855 primum
372 2773 406 2838 in
422 2773 486 2838 hac
502 2792 538 2838 re
554 2772 732 2839 auderetur
747 2775 781 2838 et
796 2771 874 2852 quid
889 2771 1017 2837 initium
1033 2770 1243 2838 feretrorum
1258 2790 1427 2840 novarum.

282 2949 302 3020 ¹)
321 2947 427 3010 τούτους
446 2944 489 3002 αιἰν
508 2947 611 3020 ἔχοντες
629 2946 775 3013 κατέβαινον
789 2946 815 3002 ἐκ
834 2951 879 3000 τοῦ
893 2944 1053 3002 Καπιτωλίου
1066 2944 1108 3003 καὶ
1126 2945 1191 3001 ἄλλο
1204 2944 1306 3001 οἰκετῶν
1319 2947 1428 3022 πλῆθος.

200 3045 201 3049 ’
281 3039 303 3106 ²)
324 3037 521 3110 συγκαλέσαντες
540 3034 568 3090 δὲ
587 3033 629 3089 τὸν
649 3035 729 3110 δῆμον
743 3035 871 3108 διάπειραν
891 3033 1001 3108 ἔγνωσαν
1021 3037 1098 3089 αὐτοῦ
1117 3033 1220 3090 καὶτῶν
1234 3036 1259 3090 ἐν
1273 3037 1341 3091 τέλει
1353 3040 1426 3111 sotis

210 3125 314 3196 σασθαι,
327 3130 383 3186 πῶς
396 3125 483 3198 ἔχουσι
492 3125 595 3198 pompa:
608 3123 671 3197 πρὸς
685 3123 785 3193 αὐτούς,
798 3124 904 3196 πότερον
919 3122 955 3184 ir:
969 3117 1103 3196 τυραννίδα
1112 3124 1256 3188 παύσαντας
1267 3123 1429 3198 ἀποδὲχαιντα

210 3215 225 3283 ἢ
246 3213 282 3276 ὡς
303 3214 394 3287 φονέας
408 3255 415 3270 .
429 3258 435 3270 .
450 3257 455 3270 .
469 3213 534 3270 Non
546 3214 777 3286 praetermittam,
795 3213 870 3286 qnod
881 3213 1029 3270 Drumann
1042 3215 1152 3285 egregie
1165 3213 1300 3272 divinarit
1317 3215 1357 3287 (p.
1369 3219 1430 3287 87):

211 3303 281 3374 ‚Die
299 3303 478 3375 Flirchtlinge
497 3302 626 3360 cuidem
645 3300 756 3375 Capitol
773 3306 900 3359 mussten
918 3303 1033 3374 nissen,
1063 3303 1099 3359 ob
1118 3303 1201 3374 Rom,
1228 3321 1309 3360 wenn
1327 3322 1357 3362 es
1375 3322 1430 3362 von

210 3396 303 3451 seiner
325 3393 493 3463 Bettubnng
520 3393 671 3459 erwachte,
699 3393 740 3448 sie
769 3392 955 3449 alsBefreier
982 3393 1050 3450 oder
1068 3393 1242 3449 Verbrecher
1264 3393 1429 3465 emptangen

210 3483 311 3541 werde.
348 3483 417 3538 Zum
436 3481 526 3539 Velle
545 3500 580 3538 zu
598 3481 737 3554 sprechen
756 3482 852 3538 schien
870 3482 956 3538 lhnen
973 3482 1041 3538 aber
1058 3481 1108 3538 das
1122 3481 1262 3546 Ntchste‘
1287 3483 1430 3555 praeclare

211 3573 321 3631 Nicolsi
339 3572 499 3629 narratione
513 3572 696 3645 comprobari.
722 3571 803 3639 Quod
815 3572 960 3643 Appianas
974 3571 1042 3628 dicit
1054 3571 1278 3628 intertectoribus
1291 3573 1431 3643 placuisse

210 3665 241 3720 in
258 3663 373 3730 vulgum
390 3662 557 3733 largitiones
576 3662 793 3717 circummittere
811 3661 894 3731 (120),
914 3668 943 3717 ct
959 3660 1167 3718 multitudinem
1185 3661 1215 3734 in
1233 3660 1324 3717 lorum
1335 3663 1431 3718 statim

212 3755 411 3824 congregatam
429 3752 611 3822 magistratus
630 3767 746 3808 vocasse
764 3753 850 3821 (121),
869 3749 905 3806 de
924 3766 958 3806 ea
974 3767 1006 3808 ra
1025 3766 1076 3806 suo
1094 3751 1155 3807 loco
1173 3750 1338 3808 videbimus.

282 3842 303 3911 θ)
323 3841 355 3898 In
374 3840 469 3899 codice
487 3844 552 3912 post
574 3841 593 3898 l.
612 3842 630 3896 l.
650 3840 725 3912 (adn.
746 3841 773 3911 2)
792 3840 893 3897 lacuna
912 3843 964 3911 est,
986 3838 1033 3908 (cf.
1051 3839 1154 3896 ldiiller
1171 3840 1190 3897 l.
1208 3841 1227 3895 l.
1246 3856 1274 3911 p.
1292 3844 1369 3908 4471:
1398 3859 1432 3898 ac

212 3932 344 4002 quoniam
371 3931 476 3987 dictim
503 3933 565 3987 erat
590 3930 784 3987 interfectores
812 3929 947 4001 populum
970 3930 1000 3985 in
1023 3930 1180 3985 contionem
1199 3944 1375 3999 convocasse,
1401 3929 1431 3985 id

203 4019 312 4075 ¹saltem
330 4019 517 4092 supplendum
537 4022 598 4076 erat
616 4035 680 4074 enm
697 4019 728 4073 in
747 4019 905 4075 conderem
924 4019 1095 4075 convenisse.

285 4108 306 4178 ι)
326 4109 457 4180 quoniam
475 4109 588 4181 proprie
606 4107 712 4165 dictum
735 4110 795 4164 erat
813 4107 1008 4165 interfectores
1031 4124 1087 4164 non
1110 4111 1169 4164 tem
1195 4107 1330 4180 populum
1349 4125 1433 4180 quam

212 4198 393 4268 magistratus
406 4201 516 4254 tentme
529 4197 651 4253 voluisse
666 4196 711 4266 (ci.
730 4196 895 4267 Mommsen,
914 4197 955 4257 St.
970 4197 1002 4254 R.
1021 4196 1071 4254 111.
1085 4215 1111 4269 p.
1131 4198 1203 4268 389),
1223 4197 1309 4253 etiam
1327 4195 1433 4254 Cinnae

212 4288 350 4360 praetoris
367 4287 556 4344 interventum
575 4287 658 4359 (App.
681 4289 742 4354 121)
762 4287 899 4344 excidisse
917 4289 1085 4358 putaverim.

285 4379 306 4448 ³)
325 4378 401 4433 Haec
416 4376 475 4434 iere
486 4377 593 4449 requiri
605 4378 674 4433 mihi
685 4376 861 4448 videbantur,
880 4377 981 4448 quibus
996 4381 1193 4449 opponeretur,
1207 4376 1281 4448 quod
1294 4377 1324 4430 in
1337 4374 1431 4432 codice

214 4471 278 4540 post
296 4468 426 4524 lacunam
445 4466 523 4523 illam
541 4466 658 4536 legitur:
679 4509 686 4522 .
706 4509 712 4522 .
732 4509 738 4520 .
758 4461 840 4538 μείζω
858 4465 922 4519 κακὰ
941 4466 982 4519 ἅτ’
1001 4463 1084 4519 αὐτῶν
1104 4463 1297 4600 ἐκραγήσεσθῖαι.
