<?xml version="1.0" encoding="UTF-8"?>
<!DOCTYPE html PUBLIC "-//W3C//DTD XHTML 1.0 Transitional//EN"
    "http://www.w3.org/TR/xhtml1/DTD/xhtml1-transitional.dtd">
<html xmlns="http://www.w3.org/1999/xhtml" xml:lang="en" lang="en">
 <head>
  <title>
</title>
<meta http-equiv="Content-Type" content="text/html;charset=utf-8" />
  <meta name='ocr-system' content='tesseract 3.04.00' />
  <meta name='ocr-capabilities' content='ocr_page ocr_carea ocr_par ocr_line ocrx_word'/>
</head>
<body>
  <div class='ocr_page' id='page_1' title='image "./derebusindeacae00frgoog_0043.png"; bbox 0 0 3482 5098; ppageno 0'>
   <div class='ocr_carea' id='block_1_1' title="bbox 702 333 922 398">
    <p class='ocr_par' dir='ltr' id='par_1_1' title="bbox 702 333 922 398">
     <span class='ocr_line' id='line_1_1' title="bbox 702 333 922 398; baseline 0.009 -18"><span class='ocrx_word' id='word_1_1' title='bbox 702 333 922 398; x_wconf 59' lang='lat'>..35-</span> 
     </span>
    </p>
   </div>
   <div class='ocr_carea' id='block_1_2' title="bbox 188 525 1418 3410">
    <p class='ocr_par' dir='ltr' id='par_1_2' title="bbox 194 525 1418 1364">
     <span class='ocr_line' id='line_1_2' title="bbox 242 525 1418 615; baseline 0.005 -21"><span class='ocrx_word' id='word_1_2' title='bbox 242 539 247 597; x_wconf 76' lang='lat'>1</span> <span class='ocrx_word' id='word_1_3' title='bbox 285 527 404 604; x_wconf 77' lang='lat' dir='ltr'>Fuisse</span> <span class='ocrx_word' id='word_1_4' title='bbox 427 525 538 607; x_wconf 91' lang='lat' dir='ltr'>etiam,</span> <span class='ocrx_word' id='word_1_5' title='bbox 562 527 618 609; x_wconf 94' lang='lat' dir='ltr'>qui</span> <span class='ocrx_word' id='word_1_6' title='bbox 640 526 849 609; x_wconf 85' lang='lat' dir='ltr'>providentia</span> <span class='ocrx_word' id='word_1_7' title='bbox 863 529 988 596; x_wconf 90' lang='lat' dir='ltr'>maiore</span> <span class='ocrx_word' id='word_1_8' title='bbox 1011 530 1073 611; x_wconf 91' lang='lat' dir='ltr'>usi,</span> <span class='ocrx_word' id='word_1_9' title='bbox 1098 535 1131 596; x_wconf 91' lang='lat' dir='ltr'>et</span> <span class='ocrx_word' id='word_1_10' title='bbox 1153 532 1273 613; x_wconf 89' lang='lat' dir='ltr'>peritia</span> <span class='ocrx_word' id='word_1_11' title='bbox 1296 549 1418 615; x_wconf 89' lang='lat' dir='ltr'>eorum,</span> 
     </span>
     <span class='ocr_line' id='line_1_3' title="bbox 195 632 1418 723; baseline 0.005 -21"><span class='ocrx_word' id='word_1_12' title='bbox 195 653 282 718; x_wconf 90' lang='lat' dir='ltr'>quae</span> <span class='ocrx_word' id='word_1_13' title='bbox 305 635 366 702; x_wconf 92' lang='lat' dir='ltr'>sub</span> <span class='ocrx_word' id='word_1_14' title='bbox 390 632 482 701; x_wconf 85' lang='lat' dir='ltr'>Sulla</span> <span class='ocrx_word' id='word_1_15' title='bbox 505 638 583 701; x_wconf 88' lang='lat' dir='ltr'>anto</span> <span class='ocrx_word' id='word_1_16' title='bbox 607 634 783 717; x_wconf 88' lang='lat' dir='ltr'>aliquando</span> <span class='ocrx_word' id='word_1_17' title='bbox 807 635 1020 720; x_wconf 88' lang='lat' dir='ltr'>accidissent,</span> <span class='ocrx_word' id='word_1_18' title='bbox 1045 637 1166 720; x_wconf 90' lang='lat' dir='ltr'>edocti,</span> <span class='ocrx_word' id='word_1_19' title='bbox 1194 640 1418 723; x_wconf 79' lang='lat' dir='ltr'>hortarentur,</span> 
     </span>
     <span class='ocr_line' id='line_1_4' title="bbox 194 741 1418 831; baseline 0.005 -22"><span class='ocrx_word' id='word_1_20' title='bbox 194 747 234 809; x_wconf 86' lang='lat' dir='ltr'>&#39;ut</span> <span class='ocrx_word' id='word_1_21' title='bbox 255 742 379 809; x_wconf 86' lang='lat' dir='ltr'>medios</span> <span class='ocrx_word' id='word_1_22' title='bbox 403 761 440 808; x_wconf 92' lang='lat' dir='ltr'>se</span> <span class='ocrx_word' id='word_1_23' title='bbox 454 741 541 808; x_wconf 89' lang='lat' dir='ltr'>inter</span> <span class='ocrx_word' id='word_1_24' title='bbox 557 742 671 808; x_wconf 87' lang='lat' dir='ltr'>ambas</span> <span class='ocrx_word' id='word_1_25' title='bbox 694 746 808 825; x_wconf 87' lang='lat' dir='ltr'>partes</span> <span class='ocrx_word' id='word_1_26' title='bbox 825 747 990 826; x_wconf 75' lang='lat' dir='ltr'>tenerent,</span> <span class='ocrx_word' id='word_1_27' title='bbox 1014 762 1091 811; x_wconf 90' lang='lat' dir='ltr'>nam</span> <span class='ocrx_word' id='word_1_28' title='bbox 1107 750 1186 812; x_wconf 92' lang='lat' dir='ltr'>tune</span> <span class='ocrx_word' id='word_1_29' title='bbox 1202 766 1331 830; x_wconf 89' lang='lat' dir='ltr'>quoque</span> <span class='ocrx_word' id='word_1_30' title='bbox 1351 767 1418 831; x_wconf 91' lang='lat' dir='ltr'>eos,</span> 
     </span>
     <span class='ocr_line' id='line_1_5' title="bbox 196 849 1418 938; baseline 0.005 -22"><span class='ocrx_word' id='word_1_31' title='bbox 196 851 252 932; x_wconf 91' lang='lat' dir='ltr'>qui</span> <span class='ocrx_word' id='word_1_32' title='bbox 274 850 400 932; x_wconf 86' lang='lat' dir='ltr'>perisse</span> <span class='ocrx_word' id='word_1_33' title='bbox 422 849 625 931; x_wconf 88' lang='lat' dir='ltr'>viderentur,</span> <span class='ocrx_word' id='word_1_34' title='bbox 650 868 764 916; x_wconf 88' lang='lat' dir='ltr'>rursus</span> <span class='ocrx_word' id='word_1_35' title='bbox 787 851 937 932; x_wconf 92' lang='lat' dir='ltr'>potentia</span> <span class='ocrx_word' id='word_1_36' title='bbox 959 857 1171 935; x_wconf 85' lang='lat' dir='ltr'>recuperata,</span> <span class='ocrx_word' id='word_1_37' title='bbox 1196 873 1267 937; x_wconf 82' lang='lat' dir='ltr'>ece,</span> <span class='ocrx_word' id='word_1_38' title='bbox 1292 856 1347 938; x_wconf 92' lang='lat' dir='ltr'>qui</span> <span class='ocrx_word' id='word_1_39' title='bbox 1370 857 1418 922; x_wconf 88' lang='lat' dir='ltr'>vi·</span> 
     </span>
     <span class='ocr_line' id='line_1_6' title="bbox 196 955 1417 1042; baseline 0.006 -19"><span class='ocrx_word' id='word_1_40' title='bbox 196 958 333 1038; x_wconf 75' lang='lat' dir='ltr'>cissent,</span> <span class='ocrx_word' id='word_1_41' title='bbox 369 955 587 1041; x_wconf 83' lang='lat' dir='ltr'>superasse.1)</span> <span class='ocrx_word' id='word_1_42' title='bbox 637 957 778 1024; x_wconf 90' lang='lat' dir='ltr'>Multum</span> <span class='ocrx_word' id='word_1_43' title='bbox 805 959 951 1026; x_wconf 89' lang='lat' dir='ltr'>laborem</span> <span class='ocrx_word' id='word_1_44' title='bbox 979 961 1204 1042; x_wconf 90' lang='lat' dir='ltr'>praebitmum</span> <span class='ocrx_word' id='word_1_45' title='bbox 1232 981 1305 1029; x_wconf 88' lang='lat' dir='ltr'>esse</span> <span class='ocrx_word' id='word_1_46' title='bbox 1334 961 1417 1030; x_wconf 84' lang='lat' dir='ltr'>an-</span> 
     </span>
     <span class='ocr_line' id='line_1_7' title="bbox 196 1065 1417 1152; baseline 0.005 -22"><span class='ocrx_word' id='word_1_47' title='bbox 196 1083 319 1146; x_wconf 90' lang='lat' dir='ltr'>sarem,</span> <span class='ocrx_word' id='word_1_48' title='bbox 354 1065 417 1131; x_wconf 89' lang='lat' dir='ltr'>etsi</span> <span class='ocrx_word' id='word_1_49' title='bbox 440 1069 589 1131; x_wconf 87' lang='lat' dir='ltr'>mortuus</span> <span class='ocrx_word' id='word_1_50' title='bbox 621 1071 723 1147; x_wconf 87' lang='lat' dir='ltr'>esset,</span> <span class='ocrx_word' id='word_1_51' title='bbox 758 1066 1022 1135; x_wconf 79' lang='lat' dir='ltr'>interfectoribus</span> <span class='ocrx_word' id='word_1_52' title='bbox 1058 1073 1092 1134; x_wconf 90' lang='lat' dir='ltr'>et</span> <span class='ocrx_word' id='word_1_53' title='bbox 1125 1069 1242 1136; x_wconf 92' lang='lat' dir='ltr'>horum</span> <span class='ocrx_word' id='word_1_54' title='bbox 1270 1069 1417 1152; x_wconf 83' lang='lat' dir='ltr'>factioni,</span> 
     </span>
     <span class='ocr_line' id='line_1_8' title="bbox 194 1173 1416 1260; baseline 0.005 -22"><span class='ocrx_word' id='word_1_55' title='bbox 194 1173 323 1257; x_wconf 83' lang='lat' dir='ltr'>magnis</span> <span class='ocrx_word' id='word_1_56' title='bbox 340 1173 535 1240; x_wconf 75' lang='lat' dir='ltr'><strong>exercitibus</strong></span> <span class='ocrx_word' id='word_1_57' title='bbox 551 1174 763 1256; x_wconf 89' lang='lat' dir='ltr'>instantibus,</span> <span class='ocrx_word' id='word_1_58' title='bbox 780 1175 896 1256; x_wconf 91' lang='lat' dir='ltr'>quibus</span> <span class='ocrx_word' id='word_1_59' title='bbox 912 1175 974 1242; x_wconf 86' lang='lat' dir='ltr'>viri</span> <span class='ocrx_word' id='word_1_60' title='bbox 990 1180 1183 1258; x_wconf 86' lang='lat' dir='ltr'>praeessent</span> <span class='ocrx_word' id='word_1_61' title='bbox 1199 1177 1241 1244; x_wconf 93' lang='lat' dir='ltr'>ad</span> <span class='ocrx_word' id='word_1_62' title='bbox 1254 1177 1416 1260; x_wconf 83' lang='lat' dir='ltr'>agendum</span> 
     </span>
     <span class='ocr_line' id='line_1_9' title="bbox 195 1278 363 1364; baseline 0.006 -17"><span class='ocrx_word' id='word_1_63' title='bbox 195 1281 330 1348; x_wconf 88' lang='lat' dir='ltr'>strenui.</span> <span class='ocrx_word' id='word_1_64' title='bbox 339 1278 363 1364; x_wconf 72' lang='grc'>2)</span> 
     </span>
    </p>

    <p class='ocr_par' dir='ltr' id='par_1_3' title="bbox 194 1386 1415 1796">
     <span class='ocr_line' id='line_1_10' title="bbox 282 1386 1415 1476; baseline 0.004 -23"><span class='ocrx_word' id='word_1_65' title='bbox 282 1386 465 1454; x_wconf 85' lang='lat' dir='ltr'>Antonium</span> <span class='ocrx_word' id='word_1_66' title='bbox 488 1391 613 1468; x_wconf 88' lang='lat' dir='ltr'>autem,</span> <span class='ocrx_word' id='word_1_67' title='bbox 643 1392 820 1470; x_wconf 78' lang='lat' dir='ltr'>antequam</span> <span class='ocrx_word' id='word_1_68' title='bbox 842 1395 980 1471; x_wconf 89' lang='lat' dir='ltr'>paratus</span> <span class='ocrx_word' id='word_1_69' title='bbox 1004 1392 1135 1473; x_wconf 87' lang='lat' dir='ltr'>fuisset,</span> <span class='ocrx_word' id='word_1_70' title='bbox 1164 1392 1273 1458; x_wconf 88' lang='lat' dir='ltr'>missis</span> <span class='ocrx_word' id='word_1_71' title='bbox 1296 1392 1415 1476; x_wconf 86' lang='lat' dir='ltr'>legatis</span> 
     </span>
     <span class='ocr_line' id='line_1_11' title="bbox 195 1496 1415 1583; baseline 0.002 -21"><span class='ocrx_word' id='word_1_72' title='bbox 195 1497 391 1564; x_wconf 86' lang='lat' dir='ltr'>collocutum</span> <span class='ocrx_word' id='word_1_73' title='bbox 416 1514 488 1561; x_wconf 89' lang='lat' dir='ltr'>esse</span> <span class='ocrx_word' id='word_1_74' title='bbox 515 1513 590 1561; x_wconf 91' lang='lat' dir='ltr'>eum</span> <span class='ocrx_word' id='word_1_75' title='bbox 612 1496 876 1562; x_wconf 87' lang='lat' dir='ltr'>interfectoribus</span> <span class='ocrx_word' id='word_1_76' title='bbox 904 1498 937 1562; x_wconf 94' lang='lat' dir='ltr'>in</span> <span class='ocrx_word' id='word_1_77' title='bbox 962 1496 1127 1580; x_wconf 79' lang='lat' dir='ltr'>Capitolio</span> <span class='ocrx_word' id='word_1_78' title='bbox 1156 1499 1415 1583; x_wconf 78' lang='lat' dir='ltr'>versantibus3³l</span> 
     </span>
     <span class='ocr_line' id='line_1_12' title="bbox 195 1603 1415 1690; baseline 0.003 -20"><span class='ocrx_word' id='word_1_79' title='bbox 195 1624 268 1671; x_wconf 90' lang='lat' dir='ltr'>oum</span> <span class='ocrx_word' id='word_1_80' title='bbox 292 1608 402 1670; x_wconf 88' lang='lat' dir='ltr'>autem</span> <span class='ocrx_word' id='word_1_81' title='bbox 426 1603 626 1670; x_wconf 77' lang='lat' dir='ltr'>multitudini</span> <span class='ocrx_word' id='word_1_82' title='bbox 650 1622 815 1670; x_wconf 90' lang='lat' dir='ltr'>armorum</span> <span class='ocrx_word' id='word_1_83' title='bbox 839 1609 873 1671; x_wconf 88' lang='lat' dir='ltr'>et</span> <span class='ocrx_word' id='word_1_84' title='bbox 895 1610 1126 1674; x_wconf 91' lang='lat' dir='ltr'>veteranorum</span> <span class='ocrx_word' id='word_1_85' title='bbox 1152 1607 1293 1674; x_wconf 85' lang='lat' dir='ltr'>confisus</span> <span class='ocrx_word' id='word_1_86' title='bbox 1317 1613 1415 1690; x_wconf 89' lang='lat' dir='ltr'>esset,</span> 
     </span>
     <span class='ocr_line' id='line_1_13' title="bbox 194 1711 1414 1796; baseline 0.004 -19"><span class='ocrx_word' id='word_1_87' title='bbox 194 1711 426 1778; x_wconf 88' lang='lat' dir='ltr'>administrare</span> <span class='ocrx_word' id='word_1_88' title='bbox 450 1711 660 1778; x_wconf 88' lang='lat' dir='ltr'>constituisse</span> <span class='ocrx_word' id='word_1_89' title='bbox 683 1714 931 1796; x_wconf 72' lang='lat' dir='ltr'>rempublicam,</span> <span class='ocrx_word' id='word_1_90' title='bbox 960 1715 1075 1781; x_wconf 87' lang='lat' dir='ltr'>sedato</span> <span class='ocrx_word' id='word_1_91' title='bbox 1098 1715 1132 1780; x_wconf 91' lang='lat' dir='ltr'>in</span> <span class='ocrx_word' id='word_1_92' title='bbox 1154 1716 1235 1782; x_wconf 90' lang='lat' dir='ltr'>urbe</span> <span class='ocrx_word' id='word_1_93' title='bbox 1263 1717 1414 1782; x_wconf 91' lang='lat' dir='ltr'>tumultu.</span> 
     </span>
    </p>

    <p class='ocr_par' dir='ltr' id='par_1_4' title="bbox 192 1819 1416 2014">
     <span class='ocr_line' id='line_1_14' title="bbox 282 1819 1416 1906; baseline 0.005 -22"><span class='ocrx_word' id='word_1_94' title='bbox 282 1819 430 1886; x_wconf 90' lang='lat' dir='ltr'>Primum</span> <span class='ocrx_word' id='word_1_95' title='bbox 466 1825 577 1887; x_wconf 90' lang='lat' dir='ltr'>autem</span> <span class='ocrx_word' id='word_1_96' title='bbox 612 1840 686 1886; x_wconf 93' lang='lat' dir='ltr'>eum</span> <span class='ocrx_word' id='word_1_97' title='bbox 709 1821 832 1888; x_wconf 89' lang='lat' dir='ltr'>amicos</span> <span class='ocrx_word' id='word_1_98' title='bbox 866 1822 899 1887; x_wconf 93' lang='lat' dir='ltr'>in</span> <span class='ocrx_word' id='word_1_99' title='bbox 934 1823 1104 1890; x_wconf 90' lang='lat' dir='ltr'>consilium</span> <span class='ocrx_word' id='word_1_100' title='bbox 1128 1842 1342 1906; x_wconf 74' lang='lat' dir='ltr'>commeasse,</span> <span class='ocrx_word' id='word_1_101' title='bbox 1378 1829 1416 1890; x_wconf 93' lang='lat' dir='ltr'>ut</span> 
     </span>
     <span class='ocr_line' id='line_1_15' title="bbox 192 1926 1413 2014; baseline 0.003 -22"><span class='ocrx_word' id='word_1_102' title='bbox 192 1927 279 1993; x_wconf 93' lang='lat' dir='ltr'>inter</span> <span class='ocrx_word' id='word_1_103' title='bbox 294 1946 329 1994; x_wconf 91' lang='lat' dir='ltr'>se</span> <span class='ocrx_word' id='word_1_104' title='bbox 345 1926 573 2009; x_wconf 86' lang='lat' dir='ltr'>deliberarent,</span> <span class='ocrx_word' id='word_1_105' title='bbox 597 1928 758 2010; x_wconf 93' lang='lat' dir='ltr'>quomodo</span> <span class='ocrx_word' id='word_1_106' title='bbox 780 1929 939 1996; x_wconf 88' lang='lat' dir='ltr'>adversus</span> <span class='ocrx_word' id='word_1_107' title='bbox 955 1930 1183 1998; x_wconf 86' lang='lat' dir='ltr'>interfectores</span> <span class='ocrx_word' id='word_1_108' title='bbox 1200 1950 1236 1997; x_wconf 89' lang='lat' dir='ltr'>se</span> <span class='ocrx_word' id='word_1_109' title='bbox 1252 1936 1413 2014; x_wconf 87' lang='lat' dir='ltr'>gererent.</span> 
     </span>
    </p>

    <p class='ocr_par' dir='ltr' id='par_1_5' title="bbox 188 2016 1414 2870">
     <span class='ocr_line' id='line_1_16' title="bbox 279 2016 1414 2119; baseline 0.002 -19"><span class='ocrx_word' id='word_1_110' title='bbox 279 2034 392 2117; x_wconf 87' lang='lat' dir='ltr'>Atque</span> <span class='ocrx_word' id='word_1_111' title='bbox 414 2035 576 2117; x_wconf 88' lang='lat' dir='ltr'>Lepidum</span> <span class='ocrx_word' id='word_1_112' title='bbox 610 2036 740 2117; x_wconf 90' lang='lat' dir='ltr'>quidem</span> <span class='ocrx_word' id='word_1_113' title='bbox 775 2038 973 2103; x_wconf 88' lang='lat' dir='ltr'>sententiam</span> <span class='ocrx_word' id='word_1_114' title='bbox 1001 2016 1138 2119; x_wconf 76' lang='lat' dir='ltr'>dixisse,</span> <span class='ocrx_word' id='word_1_115' title='bbox 1171 2057 1227 2104; x_wconf 90' lang='lat' dir='ltr'>eos</span> <span class='ocrx_word' id='word_1_116' title='bbox 1255 2038 1307 2104; x_wconf 92' lang='lat' dir='ltr'>vel</span> <span class='ocrx_word' id='word_1_117' title='bbox 1330 2039 1414 2104; x_wconf 91' lang='lat' dir='ltr'>bello</span> 
     </span>
     <span class='ocr_line' id='line_1_17' title="bbox 192 2143 1413 2228; baseline 0.003 -20"><span class='ocrx_word' id='word_1_118' title='bbox 192 2143 419 2225; x_wconf 88' lang='lat' dir='ltr'>opprimendos</span> <span class='ocrx_word' id='word_1_119' title='bbox 460 2148 494 2209; x_wconf 92' lang='lat' dir='ltr'>et</span> <span class='ocrx_word' id='word_1_120' title='bbox 528 2143 706 2210; x_wconf 79' lang='lat' dir='ltr'>Caesarem</span> <span class='ocrx_word' id='word_1_121' title='bbox 744 2144 964 2210; x_wconf 75' lang='lat' dir='ltr'>idciseendum</span> <span class='ocrx_word' id='word_1_122' title='bbox 1000 2164 1087 2228; x_wconf 89' lang='lat' dir='ltr'>esse,</span> <span class='ocrx_word' id='word_1_123' title='bbox 1121 2145 1268 2212; x_wconf 88' lang='lat' dir='ltr'>Hirtium</span> <span class='ocrx_word' id='word_1_124' title='bbox 1303 2150 1413 2212; x_wconf 91' lang='lat' dir='ltr'>autem</span> 
     </span>
     <span class='ocr_line' id='line_1_18' title="bbox 191 2251 1412 2335; baseline 0.002 -19"><span class='ocrx_word' id='word_1_125' title='bbox 191 2252 356 2318; x_wconf 90' lang='lat' dir='ltr'>censuisse</span> <span class='ocrx_word' id='word_1_126' title='bbox 380 2251 516 2317; x_wconf 90' lang='lat' dir='ltr'>cumeis</span> <span class='ocrx_word' id='word_1_127' title='bbox 533 2251 779 2334; x_wconf 83' lang='lat' dir='ltr'>transigendum</span> <span class='ocrx_word' id='word_1_128' title='bbox 796 2271 869 2318; x_wconf 88' lang='lat' dir='ltr'>esse</span> <span class='ocrx_word' id='word_1_129' title='bbox 885 2251 1128 2334; x_wconf 88' lang='lat' dir='ltr'>amicitiamque</span> <span class='ocrx_word' id='word_1_130' title='bbox 1144 2253 1235 2335; x_wconf 82' lang='lat' dir='ltr'>iungi</span> <span class='ocrx_word' id='word_1_131' title='bbox 1251 2257 1412 2335; x_wconf 85' lang='lat' dir='ltr'>oportere.</span> 
     </span>
     <span class='ocr_line' id='line_1_19' title="bbox 195 2357 1412 2441; baseline 0.002 -17"><span class='ocrx_word' id='word_1_132' title='bbox 195 2397 198 2401; x_wconf 93' lang='lat'>-</span> <span class='ocrx_word' id='word_1_133' title='bbox 278 2357 392 2425; x_wconf 87' lang='lat' dir='ltr'>Alium</span> <span class='ocrx_word' id='word_1_134' title='bbox 413 2363 524 2425; x_wconf 89' lang='lat' dir='ltr'>autem</span> <span class='ocrx_word' id='word_1_135' title='bbox 539 2359 665 2441; x_wconf 82' lang='lat' dir='ltr'>Lepide</span> <span class='ocrx_word' id='word_1_136' title='bbox 682 2377 854 2425; x_wconf 89' lang='lat' dir='ltr'>assensum</span> <span class='ocrx_word' id='word_1_137' title='bbox 871 2361 1072 2426; x_wconf 90' lang='lat' dir='ltr'>eontrarium</span> <span class='ocrx_word' id='word_1_138' title='bbox 1089 2360 1221 2441; x_wconf 86' lang='lat' dir='ltr'>dixisse,</span> <span class='ocrx_word' id='word_1_139' title='bbox 1238 2360 1412 2426; x_wconf 90' lang='lat' dir='ltr'>addentem</span> 
     </span>
     <span class='ocr_line' id='line_1_20' title="bbox 190 2466 1413 2549; baseline 0.002 -17"><span class='ocrx_word' id='word_1_140' title='bbox 190 2485 256 2532; x_wconf 91' lang='lat' dir='ltr'>non</span> <span class='ocrx_word' id='word_1_141' title='bbox 280 2467 385 2532; x_wconf 91' lang='lat' dir='ltr'>solum</span> <span class='ocrx_word' id='word_1_142' title='bbox 407 2467 501 2532; x_wconf 84' lang='lat' dir='ltr'>nefas</span> <span class='ocrx_word' id='word_1_143' title='bbox 530 2485 603 2533; x_wconf 88' lang='lat' dir='ltr'>esse</span> <span class='ocrx_word' id='word_1_144' title='bbox 626 2467 760 2532; x_wconf 90' lang='lat' dir='ltr'>caedem</span> <span class='ocrx_word' id='word_1_145' title='bbox 784 2466 938 2534; x_wconf 79' lang='lat' dir='ltr'>Caesaris</span> <span class='ocrx_word' id='word_1_146' title='bbox 966 2467 1106 2534; x_wconf 89' lang='lat' dir='ltr'>inultam</span> <span class='ocrx_word' id='word_1_147' title='bbox 1134 2467 1255 2549; x_wconf 86' lang='lat' dir='ltr'>sinere,</span> <span class='ocrx_word' id='word_1_148' title='bbox 1291 2467 1349 2533; x_wconf 88' lang='lat' dir='ltr'>sed</span> <span class='ocrx_word' id='word_1_149' title='bbox 1370 2479 1413 2534; x_wconf 77' lang='lat' dir='ltr'>ne·</span> 
     </span>
     <span class='ocr_line' id='line_1_21' title="bbox 190 2573 1410 2656; baseline 0 -17"><span class='ocrx_word' id='word_1_150' title='bbox 190 2574 270 2656; x_wconf 87' lang='lat' dir='ltr'>ipsis</span> <span class='ocrx_word' id='word_1_151' title='bbox 294 2573 423 2655; x_wconf 92' lang='lat' dir='ltr'>quidem</span> <span class='ocrx_word' id='word_1_152' title='bbox 447 2592 613 2656; x_wconf 88' lang='lat' dir='ltr'>securum,</span> <span class='ocrx_word' id='word_1_153' title='bbox 648 2574 703 2656; x_wconf 92' lang='lat' dir='ltr'>qui</span> <span class='ocrx_word' id='word_1_154' title='bbox 737 2574 823 2641; x_wconf 88' lang='lat' dir='ltr'>illius</span> <span class='ocrx_word' id='word_1_155' title='bbox 859 2574 956 2641; x_wconf 92' lang='lat' dir='ltr'>amici</span> <span class='ocrx_word' id='word_1_156' title='bbox 982 2574 1131 2644; x_wconf 83' lang='lat' dir='ltr'>fuissent.</span> <span class='ocrx_word' id='word_1_157' title='bbox 1178 2575 1265 2641; x_wconf 88' lang='lat' dir='ltr'>Nam</span> <span class='ocrx_word' id='word_1_158' title='bbox 1293 2574 1355 2640; x_wconf 89' lang='lat' dir='ltr'>etsi</span> <span class='ocrx_word' id='word_1_159' title='bbox 1377 2574 1410 2640; x_wconf 90' lang='lat' dir='ltr'>in</span> 
     </span>
     <span class='ocr_line' id='line_1_22' title="bbox 188 2675 1411 2765; baseline 0.001 -17"><span class='ocrx_word' id='word_1_160' title='bbox 188 2681 355 2764; x_wconf 89' lang='lat' dir='ltr'>praesenti</span> <span class='ocrx_word' id='word_1_161' title='bbox 382 2681 610 2748; x_wconf 86' lang='lat' dir='ltr'>interfectores</span> <span class='ocrx_word' id='word_1_162' title='bbox 639 2682 859 2764; x_wconf 88' lang='lat' dir='ltr'>quiescerent,</span> <span class='ocrx_word' id='word_1_163' title='bbox 895 2686 1000 2765; x_wconf 85' lang='lat' dir='ltr'>certo,</span> <span class='ocrx_word' id='word_1_164' title='bbox 1036 2683 1132 2748; x_wconf 92' lang='lat' dir='ltr'>simul</span> <span class='ocrx_word' id='word_1_165' title='bbox 1160 2700 1200 2748; x_wconf 90' lang='lat' dir='ltr'>ao</span> <span class='ocrx_word' id='word_1_166' title='bbox 1228 2675 1411 2764; x_wconf 89' lang='lat' dir='ltr'>potentiam</span> 
     </span>
     <span class='ocr_line' id='line_1_23' title="bbox 188 2788 903 2870; baseline 0.004 -16"><span class='ocrx_word' id='word_1_167' title='bbox 188 2788 278 2855; x_wconf 87' lang='lat' dir='ltr'>nacti</span> <span class='ocrx_word' id='word_1_168' title='bbox 301 2794 422 2870; x_wconf 89' lang='lat' dir='ltr'>essent,</span> <span class='ocrx_word' id='word_1_169' title='bbox 446 2807 502 2854; x_wconf 88' lang='lat' dir='ltr'>ees</span> <span class='ocrx_word' id='word_1_170' title='bbox 526 2788 569 2855; x_wconf 89' lang='lat' dir='ltr'>ad</span> <span class='ocrx_word' id='word_1_171' title='bbox 591 2789 719 2856; x_wconf 89' lang='lat' dir='ltr'>maiora</span> <span class='ocrx_word' id='word_1_172' title='bbox 742 2808 903 2857; x_wconf 86' lang='lat' dir='ltr'>cessuros.</span> 
     </span>
    </p>

    <p class='ocr_par' dir='ltr' id='par_1_6' title="bbox 188 2895 1410 3070">
     <span class='ocr_line' id='line_1_24' title="bbox 275 2895 1410 2980; baseline 0 -18"><span class='ocrx_word' id='word_1_173' title='bbox 275 2895 458 2962; x_wconf 82' lang='lat' dir='ltr'>Antonium</span> <span class='ocrx_word' id='word_1_174' title='bbox 482 2900 593 2963; x_wconf 88' lang='lat' dir='ltr'>autem</span> <span class='ocrx_word' id='word_1_175' title='bbox 615 2898 718 2964; x_wconf 87' lang='lat' dir='ltr'>Hirtii</span> <span class='ocrx_word' id='word_1_176' title='bbox 742 2898 926 2964; x_wconf 89' lang='lat' dir='ltr'>sententiae</span> <span class='ocrx_word' id='word_1_177' title='bbox 950 2897 1206 2980; x_wconf 89' lang='lat' dir='ltr'>adstipulantem</span> <span class='ocrx_word' id='word_1_178' title='bbox 1230 2897 1410 2964; x_wconf 87' lang='lat' dir='ltr'>servandos</span> 
     </span>
     <span class='ocr_line' id='line_1_25' title="bbox 188 3004 541 3070; baseline 0 0"><span class='ocrx_word' id='word_1_179' title='bbox 188 3023 243 3070; x_wconf 91' lang='lat' dir='ltr'>eos</span> <span class='ocrx_word' id='word_1_180' title='bbox 268 3023 340 3070; x_wconf 90' lang='lat' dir='ltr'>esse</span> <span class='ocrx_word' id='word_1_181' title='bbox 364 3004 541 3070; x_wconf 89' lang='lat' dir='ltr'>censuisse.</span> 
     </span>
    </p>

    <p class='ocr_par' dir='ltr' id='par_1_7' title="bbox 189 3111 1410 3304">
     <span class='ocr_line' id='line_1_26' title="bbox 276 3111 1410 3196; baseline 0.001 -19"><span class='ocrx_word' id='word_1_182' title='bbox 276 3112 406 3196; x_wconf 78' lang='lat' dir='ltr'>(Fuisse</span> <span class='ocrx_word' id='word_1_183' title='bbox 422 3111 533 3194; x_wconf 88' lang='lat' dir='ltr'>etiam,</span> <span class='ocrx_word' id='word_1_184' title='bbox 558 3112 613 3194; x_wconf 94' lang='lat' dir='ltr'>qui</span> <span class='ocrx_word' id='word_1_185' title='bbox 628 3131 668 3178; x_wconf 88' lang='lat' dir='ltr'>ex</span> <span class='ocrx_word' id='word_1_186' title='bbox 684 3113 764 3179; x_wconf 89' lang='lat' dir='ltr'>urbe</span> <span class='ocrx_word' id='word_1_187' title='bbox 788 3131 843 3178; x_wconf 91' lang='lat' dir='ltr'>eos</span> <span class='ocrx_word' id='word_1_188' title='bbox 860 3112 1071 3179; x_wconf 90' lang='lat' dir='ltr'>dimittendos</span> <span class='ocrx_word' id='word_1_189' title='bbox 1089 3131 1161 3178; x_wconf 86' lang='lat' dir='ltr'>esse</span> <span class='ocrx_word' id='word_1_190' title='bbox 1178 3111 1410 3179; x_wconf 86' lang='lat' dir='ltr'>existimarent</span> 
     </span>
     <span class='ocr_line' id='line_1_27' title="bbox 189 3218 378 3304; baseline 0 -19"><span class='ocrx_word' id='word_1_191' title='bbox 189 3218 251 3285; x_wconf 89' lang='lat' dir='ltr'>fide</span> <span class='ocrx_word' id='word_1_192' title='bbox 275 3219 378 3304; x_wconf 86' lang='lat' dir='ltr'>data.)</span> 
     </span>
    </p>

    <p class='ocr_par' dir='ltr' id='par_1_8' title="bbox 278 3326 1407 3410">
     <span class='ocr_line' id='line_1_28' title="bbox 278 3326 1407 3410; baseline 0.002 -18"><span class='ocrx_word' id='word_1_193' title='bbox 278 3326 390 3409; x_wconf 86' lang='lat' dir='ltr'>Atque</span> <span class='ocrx_word' id='word_1_194' title='bbox 424 3327 478 3393; x_wconf 89' lang='lat' dir='ltr'>hie</span> <span class='ocrx_word' id='word_1_195' title='bbox 505 3327 634 3410; x_wconf 92' lang='lat' dir='ltr'>quidem</span> <span class='ocrx_word' id='word_1_196' title='bbox 657 3327 787 3394; x_wconf 92' lang='lat' dir='ltr'>Nicolai</span> <span class='ocrx_word' id='word_1_197' title='bbox 814 3328 961 3394; x_wconf 89' lang='lat' dir='ltr'>narratio</span> <span class='ocrx_word' id='word_1_198' title='bbox 995 3328 1213 3410; x_wconf 78' lang='lat' dir='ltr'>abrumpitur-3</span> <span class='ocrx_word' id='word_1_199' title='bbox 1248 3345 1325 3392; x_wconf 91' lang='lat' dir='ltr'>nam</span> <span class='ocrx_word' id='word_1_200' title='bbox 1354 3347 1407 3394; x_wconf 90' lang='lat' dir='ltr'>ex·</span> 
     </span>
    </p>
   </div>
   <div class='ocr_carea' id='block_1_3' title="bbox 185 3555 1408 4435">
    <p class='ocr_par' dir='ltr' id='par_1_9' title="bbox 185 3555 1408 4169">
     <span class='ocr_line' id='line_1_29' title="bbox 259 3555 1408 3630; baseline 0 -16"><span class='ocrx_word' id='word_1_201' title='bbox 259 3558 281 3627; x_wconf 78' lang='grc'>1)</span> <span class='ocrx_word' id='word_1_202' title='bbox 299 3557 334 3614; x_wconf 87' lang='lat' dir='ltr'>el.</span> <span class='ocrx_word' id='word_1_203' title='bbox 351 3558 515 3628; x_wconf 82' lang='lat' dir='ltr'>Mommsen,</span> <span class='ocrx_word' id='word_1_204' title='bbox 533 3556 566 3615; x_wconf 87' lang='lat' dir='ltr'>R.</span> <span class='ocrx_word' id='word_1_205' title='bbox 586 3557 617 3614; x_wconf 85' lang='lat' dir='ltr'>G.</span> <span class='ocrx_word' id='word_1_206' title='bbox 637 3558 698 3614; x_wconf 78' lang='lat'><strong>111⁸.</strong></span> <span class='ocrx_word' id='word_1_207' title='bbox 717 3574 744 3629; x_wconf 93' lang='lat' dir='ltr'>p.</span> <span class='ocrx_word' id='word_1_208' title='bbox 757 3561 793 3615; x_wconf 81' lang='lat'>40</span> <span class='ocrx_word' id='word_1_209' title='bbox 805 3574 878 3630; x_wconf 83' lang='lat' dir='ltr'>sqq:</span> <span class='ocrx_word' id='word_1_210' title='bbox 898 3557 970 3628; x_wconf 89' lang='lat' dir='ltr'>„Die</span> <span class='ocrx_word' id='word_1_211' title='bbox 989 3556 1165 3615; x_wconf 85' lang='lat' dir='ltr'>Sullanische</span> <span class='ocrx_word' id='word_1_212' title='bbox 1183 3555 1408 3614; x_wconf 67' lang='lat' dir='ltr'>Restaurations</span> 
     </span>
     <span class='ocr_line' id='line_1_30' title="bbox 187 3647 1081 3704; baseline -0.002 0"><span class='ocrx_word' id='word_1_213' title='bbox 187 3647 371 3704; x_wconf 83' lang='lat' dir='ltr'>herrsehaft.“</span> <span class='ocrx_word' id='word_1_214' title='bbox 1079 3681 1081 3685; x_wconf 83' lang='lat'><em>.</em></span> 
     </span>
     <span class='ocr_line' id='line_1_31' title="bbox 258 3735 1408 3808; baseline -0.001 -15"><span class='ocrx_word' id='word_1_215' title='bbox 258 3738 281 3807; x_wconf 76' lang='grc'>2)·</span> <span class='ocrx_word' id='word_1_216' title='bbox 298 3735 331 3794; x_wconf 85' lang='lat' dir='ltr'>cf.</span> <span class='ocrx_word' id='word_1_217' title='bbox 355 3737 439 3794; x_wconf 87' lang='lat' dir='ltr'>etiam</span> <span class='ocrx_word' id='word_1_218' title='bbox 463 3739 505 3794; x_wconf 79' lang='grc'>28.</span> <span class='ocrx_word' id='word_1_219' title='bbox 533 3737 574 3794; x_wconf 90' lang='lat' dir='ltr'>sie</span> <span class='ocrx_word' id='word_1_220' title='bbox 597 3737 693 3794; x_wconf 81' lang='lat' dir='ltr'>Oieero</span> <span class='ocrx_word' id='word_1_221' title='bbox 721 3736 768 3804; x_wconf 86' lang='lat' dir='ltr'>(ad</span> <span class='ocrx_word' id='word_1_222' title='bbox 788 3737 846 3794; x_wconf 87' lang='lat' dir='ltr'>Att.</span> <span class='ocrx_word' id='word_1_223' title='bbox 864 3736 934 3794; x_wconf 87' lang='lat' dir='ltr'>XIV.</span> <span class='ocrx_word' id='word_1_224' title='bbox 954 3738 988 3807; x_wconf 81' lang='lat'>5)-</span> <span class='ocrx_word' id='word_1_225' title='bbox 1014 3736 1164 3808; x_wconf 86' lang='lat' dir='ltr'>exclamat:</span> <span class='ocrx_word' id='word_1_226' title='bbox 1192 3735 1294 3806; x_wconf 87' lang='lat' dir='ltr'>„Vides</span> <span class='ocrx_word' id='word_1_227' title='bbox 1322 3737 1408 3807; x_wconf 80' lang='lat' dir='ltr'>magi·</span> 
     </span>
     <span class='ocr_line' id='line_1_32' title="bbox 187 3824 1407 3899; baseline -0.002 -17"><span class='ocrx_word' id='word_1_228' title='bbox 187 3828 302 3898; x_wconf 87' lang='lat' dir='ltr'>stratus,</span> <span class='ocrx_word' id='word_1_229' title='bbox 322 3827 346 3882; x_wconf 88' lang='lat' dir='ltr'>si</span> <span class='ocrx_word' id='word_1_230' title='bbox 365 3825 477 3899; x_wconf 89' lang='lat' dir='ltr'>quidem</span> <span class='ocrx_word' id='word_1_231' title='bbox 490 3826 533 3882; x_wconf 90' lang='lat' dir='ltr'>illi</span> <span class='ocrx_word' id='word_1_232' title='bbox 545 3827 737 3898; x_wconf 82' lang='lat' dir='ltr'>magistratus,</span> <span class='ocrx_word' id='word_1_233' title='bbox 755 3827 833 3884; x_wconf 89' lang='lat' dir='ltr'>vides</span> <span class='ocrx_word' id='word_1_234' title='bbox 852 3827 936 3883; x_wconf 88' lang='lat' dir='ltr'>etiam</span> <span class='ocrx_word' id='word_1_235' title='bbox 948 3826 1061 3898; x_wconf 85' lang='lat' dir='ltr'>tyranni</span> <span class='ocrx_word' id='word_1_236' title='bbox 1080 3825 1217 3882; x_wconf 84' lang='lat' dir='ltr'>satellites</span> <span class='ocrx_word' id='word_1_237' title='bbox 1231 3824 1261 3881; x_wconf 90' lang='lat' dir='ltr'>in</span> <span class='ocrx_word' id='word_1_238' title='bbox 1272 3824 1407 3897; x_wconf 86' lang='lat' dir='ltr'>imperiis,</span> 
     </span>
     <span class='ocr_line' id='line_1_33' title="bbox 186 3913 1407 3988; baseline -0.002 -17"><span class='ocrx_word' id='word_1_239' title='bbox 186 3914 264 3972; x_wconf 87' lang='lat' dir='ltr'>vides</span> <span class='ocrx_word' id='word_1_240' title='bbox 292 3915 416 3972; x_wconf 89' lang='lat' dir='ltr'>eiusdem</span> <span class='ocrx_word' id='word_1_241' title='bbox 444 3916 596 3986; x_wconf 87' lang='lat' dir='ltr'>exercitus,</span> <span class='ocrx_word' id='word_1_242' title='bbox 623 3917 701 3973; x_wconf 87' lang='lat' dir='ltr'>vidos</span> <span class='ocrx_word' id='word_1_243' title='bbox 728 3919 759 3973; x_wconf 92' lang='lat' dir='ltr'>in</span> <span class='ocrx_word' id='word_1_244' title='bbox 777 3917 866 3974; x_wconf 87' lang='lat' dir='ltr'>latere</span> <span class='ocrx_word' id='word_1_245' title='bbox 893 3918 1054 3985; x_wconf 88' lang='lat' dir='ltr'>veteranos,</span> <span class='ocrx_word' id='word_1_246' title='bbox 1083 3932 1154 3988; x_wconf 90' lang='lat' dir='ltr'>quae</span> <span class='ocrx_word' id='word_1_247' title='bbox 1181 3916 1248 3971; x_wconf 88' lang='lat' dir='ltr'>sunt</span> <span class='ocrx_word' id='word_1_248' title='bbox 1275 3913 1407 3988; x_wconf 80' lang='grc' dir='ltr'>εόρίπιστα</span> 
     </span>
     <span class='ocr_line' id='line_1_34' title="bbox 187 4003 1405 4077; baseline -0.001 -16"><span class='ocrx_word' id='word_1_249' title='bbox 187 4005 307 4062; x_wconf 85' lang='lat' dir='ltr'>omnia.“</span> <span class='ocrx_word' id='word_1_250' title='bbox 343 4006 386 4062; x_wconf 93' lang='lat' dir='ltr'>De</span> <span class='ocrx_word' id='word_1_251' title='bbox 404 4004 561 4076; x_wconf 77' lang='lat' dir='ltr'>legionibus</span> <span class='ocrx_word' id='word_1_252' title='bbox 580 4023 596 4061; x_wconf 88' lang='lat' dir='ltr'>a</span> <span class='ocrx_word' id='word_1_253' title='bbox 616 4005 735 4064; x_wconf 78' lang='lat' dir='ltr'>Caesare</span> <span class='ocrx_word' id='word_1_254' title='bbox 753 4007 859 4064; x_wconf 87' lang='lat' dir='ltr'>relictis</span> <span class='ocrx_word' id='word_1_255' title='bbox 879 4010 911 4064; x_wconf 90' lang='lat' dir='ltr'>et</span> <span class='ocrx_word' id='word_1_256' title='bbox 931 4006 1053 4077; x_wconf 80' lang='lat' dir='ltr'>singulis</span> <span class='ocrx_word' id='word_1_257' title='bbox 1073 4004 1173 4074; x_wconf 82' lang='lat' dir='ltr'>legatis</span> <span class='ocrx_word' id='word_1_258' title='bbox 1192 4004 1235 4060; x_wconf 88' lang='lat' dir='ltr'>his</span> <span class='ocrx_word' id='word_1_259' title='bbox 1254 4003 1405 4075; x_wconf 88' lang='lat' dir='ltr'>propositis</span> 
     </span>
     <span class='ocr_line' id='line_1_35' title="bbox 185 4094 1052 4169; baseline 0 -18"><span class='ocrx_word' id='word_1_260' title='bbox 185 4094 220 4154; x_wconf 83' lang='lat' dir='ltr'>cf.</span> <span class='ocrx_word' id='word_1_261' title='bbox 240 4095 403 4165; x_wconf 82' lang='lat' dir='ltr'>Mommsen,</span> <span class='ocrx_word' id='word_1_262' title='bbox 420 4094 631 4167; x_wconf 69' lang='lat' dir='ltr'>Milittrsystem</span> <span class='ocrx_word' id='word_1_263' title='bbox 652 4095 779 4169; x_wconf 83' lang='lat' dir='ltr'>Caesare,</span> <span class='ocrx_word' id='word_1_264' title='bbox 797 4098 816 4153; x_wconf 92' lang='lat' dir='ltr'>l.</span> <span class='ocrx_word' id='word_1_265' title='bbox 834 4097 853 4154; x_wconf 88' lang='lat' dir='ltr'>l.</span> <span class='ocrx_word' id='word_1_266' title='bbox 872 4113 898 4168; x_wconf 93' lang='lat' dir='ltr'>p.</span> <span class='ocrx_word' id='word_1_267' title='bbox 918 4099 1052 4152; x_wconf 80' lang='lat'>7-8.11.</span> 
     </span>
    </p>

    <p class='ocr_par' dir='ltr' id='par_1_10' title="bbox 185 4182 1408 4435">
     <span class='ocr_line' id='line_1_36' title="bbox 258 4182 1405 4257; baseline -0.001 -16"><span class='ocrx_word' id='word_1_268' title='bbox 258 4185 279 4254; x_wconf 81' lang='lat'>³)</span> <span class='ocrx_word' id='word_1_269' title='bbox 297 4184 443 4257; x_wconf 86' lang='lat' dir='ltr'>Appianus</span> <span class='ocrx_word' id='word_1_270' title='bbox 471 4188 565 4242; x_wconf 86' lang='lat' dir='ltr'>autern</span> <span class='ocrx_word' id='word_1_271' title='bbox 593 4186 644 4243; x_wconf 87' lang='lat' dir='ltr'>has</span> <span class='ocrx_word' id='word_1_272' title='bbox 671 4203 717 4243; x_wconf 90' lang='lat' dir='ltr'>res</span> <span class='ocrx_word' id='word_1_273' title='bbox 745 4186 828 4243; x_wconf 90' lang='lat' dir='ltr'>valde</span> <span class='ocrx_word' id='word_1_274' title='bbox 850 4185 1018 4243; x_wconf 88' lang='lat' dir='ltr'>contrahens</span> <span class='ocrx_word' id='word_1_275' title='bbox 1038 4183 1192 4239; x_wconf 84' lang='lat' dir='ltr'>Antonium</span> <span class='ocrx_word' id='word_1_276' title='bbox 1214 4182 1284 4254; x_wconf 87' lang='lat' dir='ltr'>ipsis</span> <span class='ocrx_word' id='word_1_277' title='bbox 1303 4183 1405 4254; x_wconf 83' lang='lat' dir='ltr'>legatis</span> 
     </span>
     <span class='ocr_line' id='line_1_37' title="bbox 186 4265 1408 4347; baseline -0.003 -17"><span class='ocrx_word' id='word_1_278' title='bbox 186 4274 274 4346; x_wconf 91' lang='lat' dir='ltr'>primo</span> <span class='ocrx_word' id='word_1_279' title='bbox 293 4275 350 4331; x_wconf 89' lang='lat' dir='ltr'>iam</span> <span class='ocrx_word' id='word_1_280' title='bbox 368 4274 413 4331; x_wconf 90' lang='lat' dir='ltr'>die</span> <span class='ocrx_word' id='word_1_281' title='bbox 431 4275 648 4346; x_wconf 87' lang='lat' dir='ltr'>respondentem</span> <span class='ocrx_word' id='word_1_282' title='bbox 669 4275 736 4332; x_wconf 88' lang='lat' dir='ltr'>feeit</span> <span class='ocrx_word' id='word_1_283' title='bbox 757 4277 834 4345; x_wconf 70' lang='lat'>(1241</span> <span class='ocrx_word' id='word_1_284' title='bbox 854 4274 1020 4334; x_wconf 78' lang='grc' dir='ltr'>ὁἈντώνιος</span> <span class='ocrx_word' id='word_1_285' title='bbox 1038 4268 1098 4333; x_wconf 75' lang='grc' dir='ltr'>τοὺς</span> <span class='ocrx_word' id='word_1_286' title='bbox 1118 4265 1234 4334; x_wconf 79' lang='grc' dir='ltr'>εἰπόντας</span> <span class='ocrx_word' id='word_1_287' title='bbox 1252 4271 1408 4347; x_wconf 57' lang='grc' dir='ltr'>νῃιείψατο);Ι</span> 
     </span>
     <span class='ocr_line' id='line_1_38' title="bbox 185 4360 1405 4435; baseline 0.002 -17"><span class='ocrx_word' id='word_1_288' title='bbox 185 4364 259 4421; x_wconf 91' lang='lat' dir='ltr'>unde</span> <span class='ocrx_word' id='word_1_289' title='bbox 276 4365 381 4420; x_wconf 85' lang='lat' dir='ltr'>factum</span> <span class='ocrx_word' id='word_1_290' title='bbox 400 4366 452 4435; x_wconf 83' lang='lat' dir='ltr'>est,</span> <span class='ocrx_word' id='word_1_291' title='bbox 470 4367 502 4422; x_wconf 90' lang='lat' dir='ltr'>ut</span> <span class='ocrx_word' id='word_1_292' title='bbox 520 4368 649 4424; x_wconf 88' lang='lat' dir='ltr'>senatum</span> <span class='ocrx_word' id='word_1_293' title='bbox 661 4364 838 4422; x_wconf 88' lang='lat' dir='ltr'>Liberalibus</span> <span class='ocrx_word' id='word_1_294' title='bbox 856 4363 985 4421; x_wconf 88' lang='lat' dir='ltr'>habitum</span> <span class='ocrx_word' id='word_1_295' title='bbox 998 4361 1119 4418; x_wconf 89' lang='lat' dir='ltr'>seeundo</span> <span class='ocrx_word' id='word_1_296' title='bbox 1138 4360 1185 4418; x_wconf 88' lang='lat' dir='ltr'>die</span> <span class='ocrx_word' id='word_1_297' title='bbox 1197 4365 1315 4433; x_wconf 89' lang='lat' dir='ltr'>poneret</span> <span class='ocrx_word' id='word_1_298' title='bbox 1332 4363 1405 4435; x_wconf 78' lang='lat'>(126,</span> 
     </span>
    </p>
   </div>
   <div class='ocr_carea' id='block_1_4' title="bbox 186 4452 1226 4587">
    <p class='ocr_par' dir='ltr' id='par_1_11' title="bbox 186 4452 1226 4587">
     <span class='ocr_line' id='line_1_39' title="bbox 186 4452 322 4523; baseline 0.015 -15"><span class='ocrx_word' id='word_1_299' title='bbox 186 4452 219 4509; x_wconf 85' lang='lat' dir='ltr'>el.</span> <span class='ocrx_word' id='word_1_300' title='bbox 238 4470 264 4523; x_wconf 87' lang='lat' dir='ltr'>p.</span> <span class='ocrx_word' id='word_1_301' title='bbox 285 4455 322 4522; x_wconf 79' lang='lat'>5).</span> 
     </span>
     <span class='ocr_line' id='line_1_40' title="bbox 1193 4533 1226 4587; baseline 0 -25"><span class='ocrx_word' id='word_1_302' title='bbox 1193 4533 1226 4587; x_wconf 52' lang='lat'>3*</span> 
     </span>
    </p>
   </div>
   <div class='ocr_carea' id='block_1_5' title="bbox 0 0 1746 5098">
    <p class='ocr_par' dir='ltr' id='par_1_12' title="bbox 0 0 1746 5098">
     <span class='ocr_line' id='line_1_41' title="bbox 0 0 1746 5098; baseline 0 4"><span class='ocrx_word' id='word_1_303' title='bbox 0 0 1746 5098; x_wconf 95' lang='lat' dir='ltr'> </span> 
     </span>
    </p>
   </div>
  </div>
 </body>
</html>
