3482 5098
837 332 1034 392 ,4-

324 543 455 591 sumens
489 525 629 606 primum
664 527 698 590 et
725 521 902 590 secundum
930 521 1014 588 diem
1038 522 1202 605 excerpsit
1224 522 1324 589 tertio
1347 523 1545 606 reliquisque

323 650 427 715 usque
449 631 492 699 ad
514 632 611 697 funus
636 630 790 698 Caesaris
813 629 926 696 diebus
951 628 1090 695 omissis.

412 738 568 805 Nicolaus
602 743 712 805 autem
746 738 780 804 in
813 737 884 804 vita
907 735 1061 804 Caesaris
1086 754 1126 802 00
1153 735 1241 804 10100
1264 733 1397 803 Octavii
1419 737 1545 804 Romae

324 845 502 912 adventum
525 848 634 910 etres
657 843 702 909 111
725 845 767 910 ab
791 863 829 910 eo
854 847 967 927 gestas
989 843 1063 910 ideo
1091 843 1346 925 interposuerat,
1374 849 1412 909 ut
1437 848 1545 910 osten-

326 953 428 1034 deret,
452 952 613 1034 quomodo
638 952 819 1018 coniuratio
840 956 957 1018 000100
974 949 1151 1017 Caesarem
1169 956 1285 1017 exorta
1300 954 1399 1033 esset,
1423 954 1547 1034 etpost
1631 1011 1634 1015 .

326 1060 458 1126 caedem
482 1058 551 1125 eius
576 1058 686 1124 omnia
709 1059 844 1125 turbata
866 1061 986 1124 essent.
1011 1055 1094 1143 (19).

413 1164 568 1232 Accessit
589 1165 690 1248 igitur
713 1166 755 1231 ad
777 1165 976 1247 posteriores
992 1163 1065 1229 11105
1082 1182 1191 1229 rerum
1207 1164 1384 1246 scriptores
1401 1164 1547 1247 aequalis

274 1363 277 1368 .
326 1272 465 1340 Antonii
489 1277 523 1339 et
544 1271 703 1356 Augusti:
727 1291 804 1339 narn
827 1272 984 1338 Nicolaus
1007 1270 1146 1338 Antonii
1170 1290 1210 1337 ex
1227 1268 1407 1354 Cleopatra
1427 1272 1547 1338 liberos

326 1379 479 1447 educavit
502 1384 536 1447 et
555 1378 745 1464 Augustum
767 1379 838 1462 ipse
854 1379 980 1445 Romae
1004 1377 1086 1445 adiit
1107 1376 1237 1460 publico
1261 1379 1392 1461 negotio
1416 1379 1547 1444 functus

327 1486 479 1574 (Sohtifer
501 1488 521 1553 1.
546 1487 567 1553 l.
590 1507 621 1569 p.
646 1484 715 1572 91).
760 1485 790 1551 Ε
841 1485 1000 1567 quamvis.
1020 1485 1138 1550 librum
1161 1503 1256 1551 suurn
1281 1504 1318 1550 eo
1342 1485 1548 1567 potissimum

327 1593 461 1662 consilio
479 1593 700 1677 composuisse
716 1593 878 1674 videatur,
901 1597 939 1658 ut
953 1591 1143 1675 Augustum
1159 1591 1349 1658 adularetur
1361 1590 1403 1678 (c.
1422 1591 1436 1653 1
1457 1589 1549 1676 012),

327 1706 440 1768 tamen
473 1720 514 1768 00
546 1702 631 1783 ipsa,
665 1719 749 1783 quae
782 1700 869 1782 apud
903 1699 1102 1782 posteriores
1135 1698 1209 1765 illos
1239 1718 1348 1765 rerum
1372 1697 1548 1780 scriptores

328 1808 566 1890 desiderantur,
590 1808 700 1889 aliqua
723 1807 841 1872 saitem
865 1826 904 1872 ex
927 1811 1024 1889 parte
1047 1806 1188 1872 exhibet.

417 1914 491 1996 Qua
524 1915 564 1982 de
598 1934 634 1981 re
669 1933 742 1981 cum
776 1914 810 1979 10
843 1914 1031 1980 universum
1059 1913 1098 1995 is,
1135 1912 1198 2006 qui
1213 1913 1342 1979 Nioolai
1364 1912 1550 1995 fragmenta

328 2042 414 2091 anno
440 2021 525 2086 1849
548 2016 689 2105 primum
723 2021 823 2087 edidit
846 2019 978 2106 (Miiller
1008 2019 1115 2086 ΒΗΘ.
1139 2021 1203 2102 ΠΙ,
1226 2040 1258 2102 p.
1282 2019 1549 2104 3471501001-

329 2129 431 2196 cavit:
481 2128 671 2212 „Reliquiae
700 2128 769 2194 eius
793 2128 963 2210 permagni
985 2127 1019 2193 in
1042 2131 1138 2194 tanta
1159 2126 1329 2193 meliorum
1353 2126 1549 2208 scriptorum

328 2235 465 2320 penuria
499 2235 668 2302 faciendae
698 2239 784 2301 sunt.
830 2235 916 2301 Nam
940 2236 1044 2301 multa
1067 2234 1288 2318 suppeditant,
1312 2253 1397 2317 quae
1420 2233 1549 2300 aliunde

329 2347 498 2427 comperta
519 2362 584 2408 non
607 2343 776 2424 habemus,
801 2360 1001 2424 quorumque
1024 2343 1120 2409 fidem
1143 2342 1223 2408 nihil
1246 2346 1307 2423 est,
1337 2361 1395 2408 cur
1418 2359 1550 2422 suspec-

329 2455 449 2532 temus3
475 2449 550 2532 alia,
567 2468 650 2531 quae
666 2468 687 2516 a
704 2448 871 2532 Suetoni0,
887 2448 1052 2532 Appiano,
1075 2449 1267 2530 Plutarch0,
1290 2449 1408 2530 Dione,
1424 2447 1550 2513 Velleio

329 2558 443 2642 paucis
467 2561 657 2641 tanguntur,
680 2557 811 2623 uberius
834 2562 983 2640 narrant,
1007 2556 1073 2624 alia
1095 2557 1159 2623 alio
1183 2560 1350 2639 exponunt
1372 2552 1550 2639 ordine,“¹)

330 2669 401 2731 tum
416 2666 456 2731 de
471 2665 545 2745 hac,
561 2664 601 2729 de
618 2681 683 2744 qua
694 2664 805 2746 agitur
816 2663 921 2746 parte,
937 2664 976 2746 is,
994 2664 1049 2745 qui
1061 2663 1258 2729 novissimus
1270 2663 1310 2728 de
1325 2661 1463 2727 Nicolao
1476 2680 1550 2743 pro-

330 2772 436 2855 priam
460 2771 685 2853 quaestionem
708 2769 852 2835 instituit
875 2767 930 2855 (0.
954 2769 994 2836 Ε.
1012 2768 1170 2852 Schmidt,
1198 2770 1232 2836 J.
1249 2769 1271 2836 f.
1289 2770 1327 2835 ol.
1344 2767 1429 2834 Phil
1447 2767 1480 2835 S.
1499 2767 1550 2850 13,

330 2899 361 2961 p.
386 2877 477 2964 679),
501 2877 549 2944 sio
571 2876 711 2943 monuit:
937 2888 941 2897 ‘

423 2985 515 3068 „Wir
548 2984 656 3050 finden
682 2985 716 3049 10
744 2983 806 3050 den
828 2984 1052 3067 Fragmenten
1075 2984 1155 3049 iiber
1178 2981 1321 3052 0005005
1344 2980 1552 3065 Ermordung

332 3097 394 3160 eto.
417 3093 585 3158 wertvolle
602 3089 729 3173 Spuren
751 3110 817 3157 von
839 3092 996 3175 richtiger
1012 3089 1229 3175 Chronologie
1248 3090 1315 3157 und
1330 3087 1552 3156 Accuratesse

331 3201 365 3267 10
375 3200 517 3283 Dingen,
533 3199 655 3265 welche
672 3198 723 3265 die
734 3195 873 3281 jiingere
885 3199 1087 3282 griechisohe
1103 3199 1274 3265 Tradition
1289 3195 1553 3278 vernaculassigt

332 3308 401 3373 hat.
449 3305 492 3373 So
516 3307 576 3372 hat
591 3305 748 3372 Nicotaus
772 3305 869 3371 011010
891 3324 957 3372 von
973 3306 1058 3372 01100
1074 3306 1299 3389 griechischen
1314 3303 1465 3382 Autoren
1481 3302 1552 3369 0100

331 3413 470 3497 richtige
505 3412 757 3495 Zoiteinteilung
791 3411 859 3478 der.
882 3412 1071 3497 Ereignisse
1106 3413 1164 3480 der
1197 3417 1308 3480 005100
1343 3413 1433 3494 Tage
1467 3412 1553 3477 nach

333 3520 475 3589 Caesam
498 3520 706 3603 Ermordung
728 3520 880 3602 gehabt.“

420 3625 477 3694 Ad
499 3629 585 3694 hunc
607 3627 708 3710 igitur
731 3645 900 3693 recurrere
922 3626 1043 3710 licebit,
1074 3626 1102 3692 si
1129 3627 1214 3695 forte
1237 3627 1383 3712 Appiani
1405 3633 1553 3701 narratio

333 3739 368 3802 et
390 3739 501 3802 cetera
523 3733 712 3800 testimonia
734 3752 799 3799 non
823 3732 1087 3816 suppeditabunt.

421 3840 534 3923 Atque
555 3841 619 3906 hoo
641 3840 770 3922 quidem
794 3840 834 3907 de
856 3841 1000 3907 fontibus
1024 3841 1207 3908 addendum
1230 3848 1316 3927 erat3
1341 3846 1426 3926 quod
1442 3852 1552 3914 autem

333 3950 376 4017 ad
399 3948 583 4015 recentiora
606 3966 706 4029 opera
729 3948 858 4030 attinet,
892 3947 948 4014 vix
982 3952 1033 4014 est
1067 3948 1153 4030 quod
1175 3968 1325 4017 moneam
1347 3971 1399 4018 me
1421 3959 1554 4035 praeter

406 4233 425 4304 ¹)
445 4232 543 4290 Liceat
569 4233 654 4290 etiam
680 4233 711 4288 in
733 4233 896 4289 memoriam
914 4249 1054 4305 revocare,
1081 4234 1228 4304 Hugonem
1246 4235 1374 4293 Grotium
1392 4236 1427 4293 de
1445 4236 1555 4294 Nioolai

333 4320 497 4392 fragmentis
515 4321 671 4378 Valesianis
691 4323 798 4394 (1—15)
819 4322 860 4377 sio
877 4321 1057 4379 iudicavisse:
1090 4321 1150 4392 ,Ita
1168 4323 1222 4379 sibi
1240 4326 1415 4396 temperavit,
1433 4328 1466 4382 ut
1482 4325 1553 4380 nihil

334 4410 446 4481 diceret,
474 4409 549 4483 quod
575 4410 659 4468 rebus
679 4410 796 4480 cognitio
819 4412 997 4481 repugnaret,
1026 4412 1076 4467 aut
1092 4427 1214 4482 persona
1241 4414 1469 4489 temporibusque
1496 4413 1552 4470 dis·

335 4502 524 4570 0005000001(ί
