3482 5098
800 239 1022 304 ..30-

384 433 513 514 Itaque,
537 430 624 514 quod
647 431 690 498 ad
705 436 834 514 tempus
851 431 981 512 attinet,
990 430 1013 515 ¹)
1037 430 1159 497 rectius
1182 431 1264 510 mihi
1278 431 1409 498 videtur
1431 431 1519 513 apud

296 539 437 606 Dionem
449 539 607 605 traditum
619 557 691 605 esse
703 537 910 604 Dolabellam
926 541 1002 620 post
1013 537 1260 604 intellectorum
1273 538 1307 603 in
1320 536 1518 621 Capitolium

295 645 437 712 reditum
471 646 654 726 exemplum
689 645 826 711 aliorum
861 649 1010 710 secutum
1048 662 1156 726 pauca
1188 642 1444 728 contionatuma
1485 644 1520 709 in

298 750 496 834 Capitolium
520 751 717 818 ascendisse.

386 857 422 924 Si
444 858 546 942 igitur
579 857 723 940 excipias
746 857 940 924 Dolabellae
968 858 1205 940 interventum,
1241 858 1412 941 aptissime
1434 857 1521 924 inter

298 985 333 1032 11
357 966 467 1032 omnia
490 965 682 1032 cohaerent:
707 984 823 1046 nempe
839 965 978 1047 populus
1001 955 1190 1049 indignatus
1214 965 1254 1031 de
1271 964 1397 1032 Cinnae
1419 964 1521 1046 impia

298 1073 448 1139 oratione
471 1071 697 1138 adhortationi
720 1071 801 1153 eius,
824 1075 862 1137 ut
877 1071 1105 1138 interfectores
1129 1072 1169 1138 de
1186 1070 1350 1154 Capitolio
1373 1075 1520 1152 vocaret,

297 1198 363 1246 non
386 1180 561 1246 obsecutus
585 1184 650 1261 est,
686 1181 744 1246 sed
773 1179 994 1260 exspectavit,
1030 1179 1106 1245 dum
1134 1179 1168 1245 hi
1195 1179 1259 1260 ipsi
1293 1179 1333 1245 de
1358 1177 1521 1261 Capitolio

299 1287 535 1354 descenderent
558 1286 611 1371 (cl.
635 1306 667 1368 p.
694 1285 758 1371 19).

388 1393 500 1476 Atque
523 1397 561 1459 11
583 1393 715 1460 tandem
739 1394 782 1459 ad
798 1393 983 1459 contionem
998 1393 1105 1475 ipsam
1120 1393 1360 1475 perveniamus
1386 1391 1522 1458 Cassius

301 1505 335 1568 et
349 1501 474 1567 Brutus
498 1499 650 1566 dicuntur
665 1519 730 1566 non
746 1501 851 1566 solum
866 1500 1022 1582 populum
1038 1499 1207 1566 adhortati
1224 1519 1307 1580 esse,
1331 1504 1369 1564 11
1385 1499 1522 1564 similem

301 1628 337 1675 se
359 1612 549 1691 praestaret
570 1607 760 1690 maioribus,
785 1608 842 1673 sed
866 1607 966 1673 etiam
989 1607 1115 1689 tulisse,
1139 1612 1177 1674 ut
1189 1606 1264 1694 Sex.
1281 1606 1458 1688 Pompeius
1482 1625 1522 1671 ex

299 1714 496 1799 Hispania³)
531 1715 717 1797 tribunique
751 1715 854 1797 plebis
883 1714 1055 1781 Caesetius
1091 1719 1126 1781 et
1152 1715 1327 1797 Marullus,
1362 1714 1418 1796 qui
1453 1719 1523 1780 tum

303 1823 484 1903 exularent,
507 1825 743 1900 revocarentur
765 1821 819 1906 (cf.
843 1823 1017 1888 Drumann
1040 1842 1071 1904 p.
1096 1822 1161 1906 88).

389 1926 443 1995 Ao
464 1929 611 2010 profecto
627 1927 702 1994 Sex.
718 1928 897 2010 Pompeius
919 1933 1038 2010 postea
1060 1929 1102 1994 ab
1118 1927 1264 1994 Antonio
1289 1933 1424 1995 senatus
1448 1947 1523 1995 con-

302 2037 389 2102 sulto
412 2035 534 2121 laoto4)
557 2039 732 2102 revocatus
757 2041 823 2118 est;
848 2036 905 2102 sed
930 2036 1098 2102 credemus
1121 2036 1278 2116 Brutum,
1307 2035 1363 2101 ubi
1386 2036 1525 2118 primum

302 2147 378 2226 post
401 2144 534 2210 caedem
558 2143 599 2210 ad
622 2144 778 2227 populum
801 2144 983 2210 orationem
1006 2144 1173 2225 habuerit,
1205 2144 1245 2210 de
1269 2141 1344 2210 Sex.
1368 2143 1525 2226 Pompeio

303 2250 487 2318 revocando
511 2251 656 2317 locutum
680 2251 795 2338 esse?¹

391 2358 566 2442 Appianus
589 2359 660 2441 ipse
684 2359 814 2443 egregIe
838 2358 931 2424 nobis
955 2358 1092 2424 tradidit
1112 2358 1254 2425 Brutum
1277 2358 1527 2439 contradixisse,

302 2487 345 2534 ne
367 2466 534 2532 Antonius
569 2471 604 2533 et
631 2467 732 2533 ceteri
761 2465 858 2532 amici
881 2484 947 2532 una
975 2485 1048 2532 cum
1073 2464 1218 2532 Caesare
1253 2466 1528 2546 interficerentur,

303 2578 514 2656 metuentem,
537 2593 578 2640 ne
601 2574 700 2640 insito
723 2574 1002 2656 Pompeianarum
1024 2573 1169 2655 partium
1192 2573 1301 2640 studio
1324 2575 1387 2640 hoo
1410 2573 1529 2640 fecisse

304 2681 495 2748 viderentur
518 2681 618 2766 (114).

394 2790 481 2855 Num
504 2788 672 2870 probabile
696 2793 748 2856 est
771 2809 860 2870 eum,
895 2789 951 2871 qui
985 2787 1202 2871 suspicionem
1224 2788 1331 2870 illam,
1366 2807 1407 2854 ne
1430 2787 1529 2854 Pom-

307 2895 443 2978 peianus
468 2915 541 2962 esse
564 2896 745 2977 videretur,
782 2900 956 2978 tantopere
991 2896 1098 2962 vitare
1126 2895 1244 2978 voluit,
1280 2894 1387 2977 prima
1416 2895 1530 2961 statim

309 3003 481 3069 occasione
504 3003 647 3069 studium
670 3022 765 3070 suum
788 3003 932 3084 partium
947 3002 1225 3086 Pompeianarum
1249 3007 1319 3069 tam
1334 3022 1400 3068 non
1423 3004 1530 3068 celare

308 3110 464 3192 potuisse,
488 3115 526 3175 ut
550 3111 590 3177 de
613 3109 689 3177 Sex.
712 3109 871 3192 Pompeio
894 3111 1080 3177 revocando
1103 3111 1257 3194 rogaret?

398 3214 493 3297 Quod
516 3222 628 3284 autem
656 3218 699 3284 ad
722 3218 870 3284 tribunos
893 3218 966 3284 illos
995 3219 1131 3300 attinet,
1161 3223 1370 3300 exspectares
1395 3237 1466 3300 111,
1503 3218 1532 3284 si

309 3323 409 3390 etiam
432 3328 512 3407 tum,
536 3330 573 3391 ut
588 3324 776 3406 Pompeius
801 3329 896 3392 extra
917 3326 1030 3391 urbem
1053 3325 1202 3407 luissent,
1226 3325 1305 3391 item
1328 3329 1366 3391 ut
1388 3326 1475 3391 huno
1498 3330 1532 3391 et

381 3500 400 3570 ¹)
428 3499 471 3555 Ds
490 3502 617 3572 tempore
635 3502 746 3557 tantum
764 3501 875 3573 loquor:
904 3518 969 3557 nam
988 3518 1021 3557 ea
1038 3501 1114 3572 ipsa,
1138 3517 1210 3573 quae
1227 3500 1375 3572 Appianas
1394 3500 1429 3557 de
1448 3501 1532 3557 Dola-

310 3588 402 3645 bellae
420 3588 614 3660 designatione
634 3591 749 3662 eiusque
767 3591 893 3647 oratione
912 3590 1039 3660 tradidit,
1058 3606 1173 3661 prorsus
1192 3590 1277 3661 plana
1295 3593 1361 3647 sunt
1379 3592 1473 3661 (1114.
1492 3593 1530 3662 4).

380 3679 401 3748 ¹)
418 3679 472 3734 Dio
491 3681 534 3735 22.
555 3683 579 3736 1.
615 3678 658 3735 Ns
676 3679 706 3734 in
729 3680 909 3748 cohaereas,
938 3680 1013 3752 quod
1031 3678 1177 3736 Dolabella
1199 3679 1311 3752 vesperi
1337 3679 1449 3735 demum
1468 3695 1532 3736 oon·

309 3768 432 3824 tionatus
452 3785 514 3825 esse
531 3769 654 3827 videtur:
673 3785 739 3826 nam
750 3769 919 3826 verisimile
939 3773 982 3826 est
993 3769 1093 3840 forum,
1112 3769 1202 3842 qualis
1222 3786 1254 3826 eo
1274 3769 1319 3826 die
1337 3769 1423 3825 fuerit
1441 3771 1532 3825 status

309 3875 404 3914 rerum
430 3858 619 3929 publicarum,
647 3858 731 3915 etiam
761 3862 826 3930 post
853 3859 1011 3916 contionem
1038 3859 1074 3916 hl.
1103 3859 1185 3916 Bruti
1212 3859 1419 3932 frequentatum
1446 3858 1533 3914 luisse

309 3947 475 4005 hominibus.

382 4038 403 4109 ⁸)
423 4036 517 4106 Σέξτον
531 4055 558 4090 τε
572 4035 705 4111 Πομπήιον
719 4077 746 4094 ..
765 4037 853 4090 καλεῖν
866 4031 961 4111 ἠξίουν,
980 4034 1167 4111 πολεμούμενον
1187 4036 1225 4091 ἔτι
1243 4035 1306 4110 πρὸς
1325 4042 1377 4091 τῶν
1398 4035 1530 4109 Καίσαρος

313 4131 461 4200 capua-ppos
481 4125 506 4180 ἐν
524 4125 634 4201 Ἰβηρίᾳ.
669 4126 700 4184 C.
718 4125 833 4182 Asinius
852 4125 940 4183 Pollio
965 4143 1016 4198 pro
1034 4129 1165 4198 praetore
1183 4126 1348 4198 Hispaniam
1371 4125 1534 4183 ulteriorem

311 4219 371 4272 tum
390 4215 544 4273 obtinebat.

384 4307 405 4372 ⁴)
423 4306 496 4378 App.
515 4305 565 4363 111.
584 4309 601 4362 4
620 4308 649 4362 11
660 4305 712 4361 Dio
731 4307 774 4363 45.
788 4308 813 4362 9.
850 4304 910 4363 Hoc
929 4308 1044 4363 senatus
1063 4305 1221 4362 consultum
1235 4304 1369 4363 Kalendis
1383 4303 1535 4362 Sextilibus

312 4395 416 4453 factum
435 4412 497 4453 csse
516 4413 550 4452 cx
570 4395 703 4452 Cicerone
721 4398 840 4466 apparet
857 4395 903 4465 (ad
922 4396 981 4450 nat.
1000 4394 1072 4453 XVI.
1091 4397 1108 4450 4
1127 4398 1156 4451 et
1173 4395 1248 4452 Xlll.
1267 4393 1337 4451 Phil.
1360 4397 1412 4466 10).
