3482 5098
830 334 1050 398 -20..

261 560 265 566 ·
332 525 440 592 verbis
452 525 551 592 Bruti
562 544 659 592 aures
671 525 861 608 praebebat,
874 527 932 593 sed
944 526 1139 593 ostendebat
1151 527 1219 593 alto
1232 527 1360 594 silentio
1374 527 1552 596 Caesarem

243 4681 267 4730 Ο

331 651 367 698 se
390 633 550 715 miserari,
574 632 717 699 revereri
740 637 851 704 autem
874 633 1059 720 Brutum1).

419 741 485 807 Hic
512 759 608 822 vero,
633 740 792 806 ‚oratione
821 759 882 807 sua
915 741 1023 822 finita,
1059 745 1093 807 et
1126 743 1228 808 ceteri
1262 743 1489 810 interfectores
1516 744 1551 809 in

332 844 532 928 Capitolium
555 865 670 914 rursus
694 865 729 913 se
745 853 940 930 receperunt
963 848 1174 916 deliberaturi
1197 850 1237 916 de
1252 850 1419 932 praesenti
1442 870 1551 916 rerum

329 957 420 1020 statu
444 953 521 1036 quid
543 954 727 1021 faciendum
751 961 849 1022 esset.

417 1061 529 1144 Atque
552 1063 690 1145 populns
715 1062 844 1145 quidem
867 1063 935 1129 alto
958 1083 1018 1145 per
1033 1063 1217 1133 contionem
1241 1065 1370 1131 silentio
1387 1065 1549 1149 significa·

328 1174 424 1236 verat
445 1169 569 1236 factum
592 1171 700 1252 ipsum
723 1170 858 1252 ¹minime
886 1190 922 1237 se
945 1172 1096 1253 probare,
1132 1172 1191 1238 sed
1219 1173 1371 1255 quoniam
1401 1173 1549 1241 oratione

326 1275 373 1342 M.
390 1277 488 1343 Bruti
511 1277 573 1342 sibi
595 1282 818 1360 persuaserat,
841 1278 1069 1344 interfectores
1086 1279 1189 1345 otium
1204 1280 1298 1361 velle,
1321 1284 1411 1346 metu
1431 1281 1549 1347 saltem

326 1382 484 1450 liberatus
508 1382 604 1469 estl)
633 1403 694 1451 nec
713 1385 855 1467 defuere,
879 1385 935 1467 qui
951 1384 1059 1452 animo
1083 1405 1163 1469 erga
1177 1386 1405 1453 interfectores
1420 1393 1548 1454 mutato

327 1490 374 1556 eis
398 1494 533 1573 propter
555 1491 588 1558 id
611 1491 718 1574 ipsum
741 1492 902 1559 faverent.
917 1492 943 1577 3)

415 1596 526 1680 Quare
542 1598 672 1681 vesperi
693 1599 762 1665 eius
786 1599 850 1666 diei
872 1600 938 1666 iam
955 1599 1052 1666 amici
1068 1619 1179 1667 eorum
1196 1599 1312 1683 etalii,
1337 1600 1392 1682 qui
1408 1601 1547 1684 primum

326 1704 360 1769 in
384 1724 419 1770 re
435 1705 566 1787 publica
582 1706 774 1774 obtinebant
789 1707 907 1788 locum,
931 1707 974 1773 ad
990 1726 1046 1774 eos
1062 1727 1098 1773 se
1115 1709 1323 1775 contulerunt
1338 1708 1548 1792 gratulaturi,

328 1812 361 1879 in
385 1813 501 1896 quibus
526 1811 684 1898 (liceret

414 1919 509 2002 Quod
525 1939 598 1987 cum
613 1920 751 1988 vidisset
765 1921 949 2004 Dolabella,
974 1942 1069 2004 quem
1086 1922 1323 1989 substituturus
1344 1923 1406 1988 sibi
1422 1921 1549 1989 Caesar

324 2027 557 2112 designaverat
585 2029 761 2111 consulem,
796 2029 867 2111 ipse
902 2049 1030 2112 quoque
1064 2029 1196 2096 minime
1231 2030 1425 2096 cessandum
1453 2035 1545 2096 ratus

324 2135 431 2202 fasces
455 2140 555 2218 atque
589 2135 731 2220 insignia
765 2137 907 2203 consulis
935 2137 1118 2220 usurpavit,
1154 2141 1188 2202 et
1222 2141 1397 2219 postquam
1431 2137 1545 2220 paucis

323 2243 431 2308 verbis
470 2242 568 2309 factis
608 2244 693 2309 alter
731 2248 807 2326 post
842 2243 982 2310 Cinnam
1017 2263 1104 2326 eum,
1145 2244 1201 2326 qui
1235 2245 1318 2310 haec
1352 2245 1544 2325 donaverat,

323 2349 479 2417 conviciis
502 2351 610 2432 laesit,
646 2355 680 2417 et
708 2351 876 2418 simulavit
904 2351 1069 2418 conscium
1104 2370 1140 2418 se
1174 2350 1275 2417 fnisse
1310 2351 1545 2418 coniurationis

322 2462 356 2523 ct
379 2476 400 2524 a
427 2458 528 2524 caede
561 2457 635 2541 ipsa
668 2462 799 2524 tantum
822 2458 962 2525 invitum
986 2477 1021 2524 se
1045 2458 1244 2541 prohibitum
1269 2439 1351 2540 esse,
1387 2459 1421 2524 in
1446 2457 1544 2541 Capi·

322 2564 437 2631 tolium
460 2565 618 2631 ascendit.
635 2563 660 2650 ⁵)

409 2671 456 2738 Hi
479 2676 590 2738 autern
615 2672 823 2738 Dolabellam
847 2672 986 2738 libenter
1014 2672 1101 2754 apud
1130 2691 1165 2738 se
1189 2677 1393 2754 receperunt,
1429 2678 1466 2738 ut
1490 2673 1544 2754 qui

321 2779 428 2845 minor
450 2784 561 2846 aetate
585 2785 619 2846 et
642 2780 761 2862 populo
785 2784 940 2862 acceptus
965 2784 999 2845 et
1021 2780 1147 2862 collega
1170 2777 1309 2845 Antonii
1331 2779 1411 2860 ipsis
1435 2779 1543 2845 socius

319 2886 449 2953 futurus
473 2891 561 2953 esset
584 2886 686 2972 (App.
711 2888 731 2953 l.
755 2885 802 2973 L).

409 2994 483 3060 'lali
505 2994 572 3061 fere
588 2994 684 3061 modo
701 2995 820 3075 contio,
845 3012 993 3076 quaeque
1010 3012 1083 3059 earn
1106 2993 1252 3076 proxime
1275 2994 1308 3060 in
1331 2993 1412 3060 urbe
1427 2998 1542 3060 secuta

320 3105 407 3183 sunt,
442 3120 515 3168 sese
543 3101 711 3185 excepisse
743 3101 823 3167 mihi
850 3101 1013 3182 videntur,
1048 3100 1145 3166 fidem
1179 3099 1314 3167 habenti
1347 3119 1412 3165 non
1436 3101 1541 3166 solum

319 3208 448 3274 Nicolai
485 3209 670 3275 narrationi
707 3208 896 3290 continuae,
936 3208 993 3274 sed
1029 3208 1129 3274 ctiam
1167 3207 1364 3273 testimoniis
1402 3207 1539 3291 singulis

320 3320 503 3382 ceterorum
520 3316 717 3398 scriptorum
729 3314 998 3398 probabilitatem
1014 3314 1179 3396 quandam
1202 3333 1282 3397 prae
1298 3333 1334 3380 se
1349 3314 1539 3382 ferentibus.

405 3421 459 3488 Ae
474 3423 623 3504 quamvis
639 3423 744 3488 multa
761 3421 915 3505 ambigua
930 3427 1066 3503 restent,
1090 3421 1169 3487 illud
1185 3421 1264 3487 mihi
1280 3425 1393 3487 secuto
1410 3421 1539 3488 Nicolai

317 3529 540 3596 narrationem
565 3529 744 3612 simplicem
767 3549 826 3612 pro
851 3532 940 3595 certo
964 3529 1149 3595 habendum
1173 3547 1245 3595 esse
1269 3529 1409 3610 videtur,
1437 3529 1537 3595 inter-

390 3706 502 3777 ι)Ρ1ατ.
523 3705 601 3762 Caes.
621 3707 665 3762 67.
684 3708 710 3762 3.
728 3704 803 3777 quod
816 3704 982 3762 Plutarchus
1001 3703 1159 3761 contionem
1171 3706 1284 3775 postero
1303 3703 1462 3776 disposuit,
1481 3721 1538 3761 non

317 3795 410 3852 minus
427 3794 530 3852 falsum
549 3797 601 3864 est,
620 3809 704 3867 quam
723 3793 799 3866 quod
816 3797 945 3851 senatum
963 3810 996 3851 eo
1015 3793 1061 3850 die
1079 3794 1181 3866 posint.

387 3887 407 3956 2)
426 3884 479 3941 Dio
492 3887 534 3943 21.
555 3887 580 3940 2.
593 3888 698 3938 τοιαῦτα
715 3881 779 3937 ἄττα
798 3881 907 3944 εἰπόντες
926 3880 985 3945 τοὺς
1004 3880 1116 3945 πολλοὺς
1134 3883 1302 3956 κατέστησαν,
1321 3876 1361 3937 καὶ
1380 3880 1477 3956 μάλισθ
1489 3881 1536 3937 ’ὅτι

318 3971 407 4028 οὐδένα
425 3971 533 4048 ἠδίκουν,

391 4063 414 4135 ³)
434 4063 515 4134 Quod
526 4061 681 4135 anienses
693 4061 737 4118 illi
749 4060 792 4132 (cf.
805 4079 832 4133 p.
845 4066 885 4119 14.
901 4066 930 4131 2)
942 4060 1058 4119 Octavio
1071 4065 1256 4120 narraverunt
1268 4061 1359 4133 primo
1373 4065 1402 4119 et
1413 4063 1535 4120 secundo

316 4153 539 4225 dispersurus
553 4151 776 4225 etiamssaesaris
788 4151 894 4221 amieis,
907 4152 1009 4209 multos
1018 4152 1104 4210 Bruto
1116 4151 1278 4209 adhaesisse
1288 4153 1355 4224 (ll),
1367 4151 1403 4208 ed
1414 4152 1535 4224 primurn

316 4242 493 4314 potissimum
511 4241 585 4298 diem
603 4239 752 4298 referenda
770 4244 845 4297 sunt.

386 4333 407 4403 ¹)
426 4331 500 4404 App.
512 4334 562 4388 123
572 4332 601 4387 et
612 4331 666 4387 Dio
676 4333 747 4387 21.4
760 4329 805 4401 (cf.
816 4347 843 4402 p.
858 4333 899 4387 14.
913 4333 950 4401 3.)
962 4331 1020 4388 llos
1033 4331 1171 4402 significat
1180 4329 1277 4388 Cicero
1290 4330 1532 4389 sesamum.
1612 4371 1615 4382 .

386 4422 404 4493 ὅ)
423 4421 498 4493 App.
519 4423 568 4477 122
587 4423 615 4477 et
625 4419 680 4476 Dio
693 4422 736 4478 22.
751 4425 775 4491 1,
794 4420 842 4492 qui
855 4420 975 4492 quidem,
988 4437 1157 4494 quamquam
1169 4420 1257 4478 multo
1270 4420 1382 4478 brevior
1394 4422 1438 4476 cst
1449 4435 1532 4491 quam
1611 4427 1621 4503 ζ
1699 4463 1700 4466 ,

1121 4517 1123 4520 -
1619 4510 1630 4537 s

312 4511 467 4583 Appianus,
486 4515 596 4582 tempus
615 4512 691 4566 recte
711 4509 842 4566 exhibere
860 4510 979 4568 videtur.
1006 4552 1010 4560 .
