3482 5098
730 312 947 376 ...55...

236 503 287 573 die
320 505 392 572 foro
427 522 510 574 cum·
527 502 683 574 militibus
707 507 877 592 occupato
901 509 1018 572 contra
1043 505 1270 593 interfectores
1298 509 1453 591 populum

222 609 390 705 'incitasse
414 608 482 697 (22.
507 611 538 691 2,
562 609 602 675 es.
626 630 657 691 p.
683 610 735 676 36.
760 609 810 696 2),
846 612 904 678 sed
938 612 1109 682 consilium
1131 613 1195 680 hoc
1225 613 1277 680 die
1304 615 1453 684 habitum

235 719 390 788 omittens
412 718 541 786 caiam
564 721 688 800 narrat,
713 737 797 800 quae
820 720 854 786 in
877 724 995 787 senatu
1017 720 1108 786 sacta
1130 721 1206 787 sint.

324 824 361 890 Si
375 830 486 891 antem
502 824 715 908 singrnasros
731 827 961 908 percurrimus
984 831 1022 893 nt
1037 829 1212 894 tumultum
1228 828 1453 911 copiosissime

234 932 418 1016 descripsit,
441 932 490 999 ita
506 951 579 998 cum
594 933 626 997 N
627 932 732 1000 icolao
740 931 766 1018 2)
783 938 817 998 et
831 932 1011 1001 Plutarcho
1019 934 1043 1018 ¹)
1067 935 1245 1016 consentit;
1274 942 1452 1017 edentem,

234 1057 319 1120 quae
342 1039 381 1105 de
404 1040 555 1110 contione
579 1040 729 1122 quamvis
761 1040 906 1106 breviter
928 1041 1074 1122 exhibet,
1109 1042 1282 1122 aptissima
1309 1043 1452 1109 suntad

233 1165 273 1215 ea
296 1147 491 1229 supplenda,
520 1165 604 1228 quae
628 1147 715 1230 apud
738 1147 912 1215 Nicolaum
935 1148 1057 1228 partim
1079 1148 1219 1230 librarii,
1238 1150 1372 1232 ‘partim
1396 1170 1452 1220 ex-

233 1254 392 1336 cerptoris
416 1255 512 1336 culpa
536 1254 735 1322 exciderunt.

319 1361 407 1428 Nam
422 1367 460 1428 ut
470 1363 502 1427 N
503 1362 627 1429 icolaus
643 1362 780 1430 tradidit
794 1363 1022 1430 interfectores
1038 1364 1192 1447 populum
1208 1363 1452 1448 convocasse‚²)

232 1468 281 1536 ita
303 1469 369 1536 Dio
392 1470 547 1551 populum
570 1469 603 1534 in
627 1469 812 1536 contionem
836 1469 1077 1556 convenisse‚³)
1101 1476 1135 1536 ct
1157 1476 1195 1536 ut
1216 1471 1373 1538 Nicoleus
1397 1490 1452 1538 ex·

231 1576 342 1657 posuit
364 1577 519 1658 populum
542 1595 664 1659 magne
691 1577 779 1642 mala
803 1576 1062 1660 exspectasset
1092 1578 1140 1643 ita
1162 1577 1228 1644 Dio
1252 1576 1332 1644 dicit
1353 1577 1453 1643 inter-

231 1683 372 1749 fectores
394 1685 550 1765 populum
584 1683 779 1750 adhortatus
803 1702 892 1766 esse,
927 1684 1068 1766 nequid
1101 1685 1180 1752 mali
1208 1688 1450 1766 exspectarent,

232 1809 352 1873 cosque
375 1791 471 1874 plane
494 1809 643 1874 pacasse.
653 1790 678 1868 ⁵)

318 1899 389 1964 Nec
410 1897 517 1966 minus
541 1917 595 1980 ea,
631 1916 716 1981 quac
738 1898 804 1965 Dio
833 1898 873 1964 de
896 1899 1013 1980 Lepidi
1040 1918 1099 1981 per
1121 1900 1181 1966 hos
1210 1898 1279 1965 dies
1309 1899 1451 1966 consiliis

231 2009 274 2089 (p.
291 2005 334 2069 39
358 2010 393 2071 et
418 2005 474 2088 40)
508 2006 562 2072 vel
590 2006 719 2071 omnino
744 2005 902 2071 derebus
926 2011 1077 2072 senatum
1100 2007 1134 2071 in
1165 2006 1286 2088 templo
1313 2006 1452 2072 Telluris

230 2111 379 2177 habitum
407 2111 590 2178 subsecutis
615 2113 747 2178 exhibet
775 2112 818 2195 (p.
841 2112 914 2196 41),
942 2113 1084 2178 maxime
1106 2113 1224 2180 idonea
1247 2117 1322 2180 sunt
1347 2113 1390 2179 ad
1413 2131 1454 2179 ea

231 2218 422 2301 supplenda,
446 2238 531 2301 quae
554 2220 642 2301 apud
664 2219 837 2286 Nicolaum
860 2221 1037 2302 perienmt.
1346 2215 1348 2220 ’

320 2324 478 2407 Quamvis
514 2327 615 2410 igitur
636 2326 702 2394 Dio
736 2345 802 2394 non
829 2326 947 2393 Asinio
970 2326 1118 2393 Pollione
1151 2328 1240 2410 ipso,
1275 2328 1332 2394 sed
1355 2327 1451 2394 Livio

231 2452 310 2500 usus
334 2453 406 2500 esse
428 2434 590 2515 videatur,
614 2439 725 2500 tamen
747 2433 834 2499 inter
850 2453 905 2500 eos
922 2434 1110 2518 scriptores
1134 2453 1271 2517 quorum
1294 2434 1451 2501 derebus

230 2541 304 2608 inde
328 2560 349 2608 a
372 2541 528 2608 Caesaris
563 2559 642 2608 nece
678 2541 780 2624 gestis
815 2541 1022 2608 narrationes
1057 2541 1150 2607 nobis
1185 2547 1340 2608 servatae
1363 2547 1451 2624 sunt,

230 2653 346 2715 auctor
368 2649 500 2715 minime
523 2643 724 2731 spernendus
749 2652 809 2714 est.
930 2679 934 2687 ·
1348 2719 1350 2724 ,

317 2756 372 2822 Ad
394 2755 526 2823 Livium
561 2756 699 2838 denique
733 2754 904 2822 referenda
938 2755 1091 2822 videntur
1118 2774 1205 2836 esse,
1240 2773 1453 2837 quaecunque

228 2882 294 2929 non
317 2865 421 2929 solum
437 2863 555 2929 Florus
580 2863 622 2948 (p.
647 2863 689 2926 27
714 2867 748 2928 et
771 2862 824 2930 39.
849 2863 895 2948 3),
919 2863 1109 2947 Eutropius
1134 2860 1271 2928 Orosius
1294 2882 1325 2943 p.
1343 2863 1396 2928 37.
1421 2863 1453 2944 3,

228 2971 286 3037 sed
317 2971 416 3037 etiam
438 2970 583 3036 Velleius
618 2974 651 3034 et
686 2969 809 3052 passim
839 2969 992 3036 Valerius
1015 2969 1179 3035 Maximus
1208 2969 1247 3035 de
1275 2969 1326 3035 his
1355 2970 1451 3035 rebus

230 3078 421 3144 attulcnmt.

303 3290 325 3360 ²)
344 3289 397 3345 Dio
416 3291 461 3350 20.
476 3292 500 3344 l.
537 3285 651 3360 Θορόβου
671 3287 694 3342 δ’
713 3285 756 3342 οὖν
775 3288 872 3342 πολλοῦ
891 3286 959 3361 παρὰ
978 3291 1030 3341 τῶν
1049 3286 1147 3358 ἄλλων,
1164 3291 1217 3341 τῶν
1235 3305 1263 3340 τε
1281 3286 1353 3342 ἔνδον
1372 3285 1452 3341 όντων

229 3375 272 3434 καὶ
293 3382 345 3431 τῶν
368 3377 465 3446 ἔξωθεν
489 3375 698 3452 τρυςεστηκότων
717 3419 725 3436 .
745 3419 752 3434 .
772 3375 811 3430 ότι
834 3377 939 3451 ἠγνόουν
964 3375 1024 3439 τοός
1048 3395 1076 3430 τε
1101 3378 1212 3452 σφαγέας
1235 3374 1322 3430 καὶτὸ
1341 3374 1452 3449 πλῆθος,
1565 3448 1567 3453 Ι

230 3470 277 3543 τήν
295 3486 323 3521 τε
342 3467 452 3522 διάνοιαν
471 3465 564 3538 αὐτῶν,
582 3466 728 3542 γενομένου,
745 3465 779 3524 σί.
792 3466 853 3523 Nic.
867 3468 918 3524 25:
937 3465 1039 3543 Κραυγὴ
1059 3465 1087 3520 δέ
1106 3461 1183 3540 μυρία
1202 3466 1317 3540 ἐφέρετο,
1335 3470 1387 3519 τῶν
1406 3465 1451 3539 μέν

230 3557 257 3611 ἐκ
275 3560 320 3611 τοῦ
340 3554 469 3631 συνεδρίου
491 3557 620 3632 φυγόντων
639 3599 647 3615 .
665 3598 673 3614 .
692 3559 744 3612 τῶν
768 3555 844 3624 δ’ἔξω
864 3555 972 3630 Καίσαρι
995 3555 1121 3610 συνόντων
1144 3554 1229 3628 πόσης
1247 3548 1368 3630 οἰομένων
1391 3547 1453 3610 εἶναι

225 3653 277 3720 ’τῆς
297 3646 392 3720 βουλῆς
410 3644 439 3700 τὸ
458 3645 530 3721 ἔργον
550 3690 557 3704 .
578 3690 584 3703 .

303 3736 324 3808 ι)
342 3735 436 3798 πάντες
455 3733 492 3798 ίυς
510 3731 552 3790 καὶ
569 3732 754 3797 κινδυνεύοντες
772 3733 942 3810 ἐταράσσοντο
962 3775 969 3794 .
988 3777 996 3794 .
1016 3734 1134 3808 βοῶντες.
1163 3736 1256 3808 ,φεῦγε
1274 3733 1353 3790 risis!
1376 3736 1449 3808 φεῦγε

230 3825 326 3881 κλείεί“
346 3869 353 3883 .
373 3869 379 3883 .
398 3825 432 3883 cf.
451 3825 525 3882 Plut.
545 3823 608 3882 Cas.
627 3827 670 3881 67.
707 3823 772 3887 ὥςτε
791 3821 851 3886 τοὺς
875 3822 919 3897 μέν
943 3820 1020 3887 οἰκίας
1043 3823 1147 3896 κλείειν,
1173 3819 1233 3885 τοὺς
1252 3821 1280 3877 δέ
1299 3864 1333 3881 ..
1362 3822 1449 3894 Idem,

232 3914 306 3986 quod
324 3915 399 3987 apud
410 3915 592 3972 Plutarchum
611 3918 640 3971 et
651 3915 812 3987 Appianum
830 3913 864 3970 de
883 3916 958 3971 sorte
972 3913 1085 3971 Lentuli
1104 3917 1133 3971 et
1150 3913 1268 3970 aliorum
1287 3912 1450 3969 adnotatum

232 4006 283 4073 est,
303 4005 387 4060 etiarn
406 4004 480 4075 apud
498 4004 619 4060 Dionem
636 4004 756 4060 inveniri
773 4004 830 4060 iam
849 4002 969 4060 vidimus
986 4007 1027 4076 [p.
1045 4006 1089 4062 48.
1108 4005 1145 4074 δ).

303 4094 322 4165 1)
342 4095 388 4149 26:
408 4093 606 4167 συγκαλέσαντες
624 4089 668 4146 τὸν
687 4092 767 4166 δῆμον
787 4135 794 4150 .
813 4135 821 4151 .
840 4093 878 4164 (p.
900 4095 942 4149 17.
961 4094 996 4163 2).

302 4183 323 4252 8)
340 4185 387 4238 21:
407 4180 583 4237 συνελθόντων
602 4179 686 4235 αὐτῶν
705 4180 732 4243 ἐς
751 4179 886 4254 ἐκκλησίαν
905 4222 913 4239 .
930 4224 938 4240 .
957 4183 995 4254 (p.
1017 4184 1058 4239 18.
1077 4181 1116 4254 3).

260 4287 263 4296 ’
304 4273 324 4340 ⁴)
342 4274 388 4328 26:
410 4313 441 4330 ..
461 4269 540 4345 μείζω
560 4268 624 4324 κακὰ
642 4268 684 4324 ἅτ’
703 4269 786 4325 αὐτῶν
805 4270 989 4346 έκροτγήσεσδαῑ
1009 4314 1016 4330 .
1035 4313 1042 4327 .
1061 4273 1101 4342 (p.
1121 4273 1163 4328 17.
1182 4271 1218 4339 5).

304 4362 326 4432 5)
344 4363 386 4417 21.
424 4358 531 4434 θαρσεῖν
558 4361 586 4413 τέ
611 4378 677 4434 σφας
705 4354 747 4415 καὶ
770 4358 849 4434 μηδὲν
877 4359 956 4414 δεινὸν
980 4357 1167 4434 τροςδέχεσδαι
1189 4357 1304 4411 ἐκέλευον
1324 4361 1452 4414 ,τοιαῦτα

233 4448 296 4504 όττα
315 4442 426 4512 εἰπόντες
445 4445 505 4510 τοὺς
523 4445 635 4511 πολλοὺς
653 4447 818 4522 κατέστησαν,
841 4450 882 4502 καί
900 4447 1002 4524 μόλισδ’
1020 4446 1059 4503 du
1078 4445 1167 4502 οὐδένα
1185 4437 1286 4522 ἠδίκουν
1306 4447 1345 4518 (p.
1358 4450 1400 4504 30.
1414 4450 1451 4520 2).
