3482 5098
717 278 938 343 ..29-

308 470 394 536 Num
428 470 498 537 veri
527 469 630 536 simile
659 475 710 536 est
734 471 879 553 eosdem,
915 472 970 554 qui
992 472 1257 538 intertectoribus
1284 490 1325 536 no
1348 471 1442 537 mini-

216 596 307 643 mum
330 578 460 658 quidem
488 579 617 662 signum
653 596 733 644 suae
756 579 834 662 orgo
864 579 954 661 ipsos
982 579 1164 646 voluntatis
1192 578 1365 660 dederunt,
1401 579 1443 644 ab

216 683 270 750 his
294 683 388 750 donis
412 685 605 751 conciliatos
629 684 752 751 fuisse?

307 789 397 857 Satis
420 791 501 857 mihi
516 791 583 857 iam
600 791 844 859 demonstrasse
860 792 975 859 videor
990 792 1137 876 Appiani
1153 792 1192 859 de
1208 778 1442 859 mercennariis

217 897 411 980 narrationi,
435 899 487 964 vel
503 899 532 963 si
546 898 717 965 mittamus
742 903 925 966 ceterorum
942 900 1139 983 scriptorum
1159 899 1350 967 testimonia
1373 918 1442 967 cer-

217 1005 361 1085 tissima,
397 1009 448 1070 tot
482 1006 615 1072 obstare
649 1007 752 1089 ipsius
787 1008 978 1074 testimonia
986 1007 1025 1093 1),
1060 1013 1098 1075 ut
1120 1026 1194 1074 eam
1222 1007 1345 1074 reicere
1374 1007 1442 1074 fere

217 1109 417 1195 cogamuril.

306 1218 402 1284 Unde
426 1224 537 1286 autem
558 1219 731 1303 Appianus
754 1221 789 1287 in
811 1222 898 1287 hanc
921 1222 1144 1289 narrationem
1167 1221 1328 1303 inciderit,
1356 1240 1443 1288 nunc

216 1325 347 1408 quidem
370 1327 513 1392 nondum
535 1327 653 1410 liquet,
678 1328 735 1394 sed
759 1329 902 1394 fortasse
925 1329 1041 1395 melius
1066 1334 1298 1414 cognoscetur,
1322 1329 1377 1395 ubi
1400 1329 1442 1394 ad

218 1433 357 1499 alteram
380 1433 467 1500 illam
494 1435 534 1500 de
557 1435 791 1502 mercennariis
806 1436 1031 1503 narrationem
1048 1435 1252 1524 (130-132)
1275 1436 1442 1519 progressi

219 1559 348 1607 erimus.

305 1646 358 1713 Ac
380 1647 536 1730 quoniam
560 1648 733 1731 Appianus
758 1649 837 1716 dicit
859 1651 1103 1717 mercennarios
1124 1650 1317 1716 Dolabellae
1340 1650 1441 1715 inter-

216 1759 318 1820 ventu
342 1754 500 1822 adductos
518 1775 600 1838 esse,
624 1761 663 1823 ut
684 1757 912 1825 interfectores
936 1759 976 1825 de
993 1758 1158 1840 Capitolio
1181 1762 1350 1839 vocarent,
1374 1757 1441 1823 iam

217 1861 257 1928 dc
280 1863 455 1929 Dolabella
477 1864 575 1944 pano
600 1863 787 1947 diligentius
811 1865 993 1932 videamus.

307 1966 402 2049 Quod
430 1970 560 2053 quidem
588 1971 710 2053 optime
738 1972 786 2038 sic
808 1971 1035 2053 instituemus,
1071 1977 1108 2039 ut
1133 1971 1258 2039 Cinnae
1281 1976 1315 2038 et
1338 1972 1440 2038 Dola-

216 2076 322 2143 bellae
345 2076 569 2144 condicionem
592 2078 679 2145 inter
702 2098 737 2145 se
761 2080 978 2146 conferamus.

191 2187 194 2192 ’
305 2183 358 2250 Α6
382 2183 489 2252 Cinna
511 2186 642 2268 quidem
664 2191 791 2253 vestem
815 2187 1016 2268 praetoriam
1041 2187 1246 2272 (Mommsen
1271 2185 1320 2254 St.
1344 2187 1384 2252 R.
1407 2185 1440 2250 Ι3
1503 2229 1505 2242 ι

215 2310 247 2371 p.
272 2291 348 2372 419,
372 2291 416 2376 5.)
447 2293 537 2358 enuit
559 2299 597 2360 ut
620 2313 640 2359 6
663 2298 805 2377 tyranno
833 2294 961 2360 datam:
997 2293 1122 2360 scilicet
1149 2294 1292 2360 nondum
1320 2293 1441 2359 certior

215 2398 324 2465 factus
348 2399 387 2465 de
404 2400 547 2466 consiliis
571 2405 605 2466 61
627 2402 777 2482 potentia
792 2401 1038 2468 interfectorum
1055 2401 1271 2484 exspectabat
1285 2400 1346 2466 hos
1363 2403 1440 2466 6616

217 2504 372 2572 Caesaris
396 2507 595 2574 rescissuros
620 2508 734 2592 esse.³)

303 2614 419 2697 Longe
443 2620 554 2681 autem
579 2615 645 2682 alia
668 2617 708 2682 de
723 2616 898 2682 Dolabella
920 2615 1014 2682 nobis
1039 2616 1229 2698 traduntur;
1253 2633 1331 2681 nam
1353 2613 1382 2680 is
1405 2614 1438 2678 in

215 2723 422 2788 consulatum
446 2740 467 2788 a
491 2721 637 2790 Caesare
673 2723 735 2790 sibi
769 2722 971 2791 destinatum
1004 2723 1142 2790 invasit:
1177 2723 1211 2788 id
1239 2723 1360 2789 audere
1383 2721 1439 2787 vix

213 2831 361 2910 poterat,
387 2834 575 2912 'antequam
597 2831 723 2896 Brutus
754 2831 905 2897 contione
941 2831 998 2897 1116
1022 2830 1187 2912 exposuit,
1222 2848 1258 2896 se
1283 2828 1437 2896 Caesaris

214 2936 328 3002 amicis
353 2955 489 3018 parcere
512 2956 617 3020 neque
641 2938 818 3020 quidquam
844 2939 884 3004 de
907 2937 1075 3021 republica
1097 2941 1227 3004 mutare
1250 2936 1344 3003 velle.

302 3039 539 3110 Admonuerim
562 3043 753 3126 Appianum
776 3045 842 3111 iam
867 3050 944 3111 ante
968 3045 1007 3111 de
1031 3050 1179 3125 tempore
1203 3062 1349 3126 errasse,
1373 3062 1437 3126 quo

213 3169 286 3216 sese
309 3151 483 3217 Dolabella
508 3152 772 3218 interfectoribus
801 3151 1000 3233 adiunxerit3
1036 3150 1218 3218 nominavit
1241 3150 1327 3216 enim
1363 3169 1436 3216 euni

179 3293 182 3301 ·
212 3257 299 3322 inter
322 3277 389 3339 ecc,
414 3258 469 3340 qui
484 3259 750 3325 interfectoribus
766 3259 862 3341 quasi
877 3259 988 3325 caedis
1004 3258 1085 3325 socii
1109 3277 1181 3324 sese
1198 3257 1436 3348 aggregabant,

212 3368 390 3446 antequam
413 3365 447 3431 hi
470 3365 503 3430 in
528 3364 728 3447 Capitolium
756 3366 979 3432 ascendebant
1009 3366 1052 3451 (p.
1079 3365 1143 3449 11).
1191 3364 1271 3446 Sed,
1305 3369 1343 3431 ut
1371 3364 1436 3429 alia

211 3471 352 3554 mittam,
375 3472 586 3538 manifestum
610 3476 671 3554 est,
695 3473 782 3555 quod
797 3472 971 3555 Appianus
987 3473 1057 3556 ipse
1074 3473 1222 3554 adnotat,
1246 3473 1306 3538 hos
1323 3489 1436 3536 omnes
1528 3531 1532 3538 .

211 3583 328 3659 postea
351 3579 553 3661 proscriptos
578 3599 662 3661 esse,
685 3580 719 3645 in
742 3580 950 3646 Dolabellam
974 3579 1091 3646 cadere
1114 3599 1180 3645 non
1203 3597 1311 3662 posse.

282 3863 304 3930 ²)
323 3862 358 3919 de
382 3863 523 3919 veteranis
543 3865 581 3934 (p.
599 3865 632 3919 27
650 3863 739 3935 sqq),
772 3862 806 3919 de
834 3865 959 3934 tempore
986 3863 1069 3919 huius
1092 3862 1230 3920 contionis
1254 3864 1293 3934 (p.
1313 3862 1371 3932 28),
1398 3861 1433 3917 (16

211 3951 422 4008 interfectorum
449 3952 584 4008 adversus
612 3952 747 4023 populum
774 3955 804 4008 et
830 3951 865 4007 de
892 3951 975 4008 huius
994 3953 1127 4009 adversus
1151 3951 1345 4008 interfectores
1368 3966 1433 4006 con-

210 4039 320 4098 dicione
339 4043 378 4113 (p.
397 4043 525 4113 trs-29).
1083 4056 1085 4059 ’

280 4132 301 4202 ²)
320 4130 389 4200 Quis
408 4145 465 4187 non
477 4133 647 4190 assentietur
661 4130 897 4201 Gardthausenio,
915 4131 990 4203 quod
1006 4130 1037 4186 in
1055 4131 1186 4187 contione
1204 4130 1345 4188 narranda
1362 4146 1433 4186 mer·

209 4220 404 4279 bunuariorum
421 4221 534 4277 illorum
552 4239 588 4278 ne
606 4221 777 4278 mentionem
796 4220 907 4293 quidem
925 4219 992 4276 iecit
1011 4222 1049 4290 (p.
1068 4222 1132 4291 3311

281 4309 302 4378 ³)
321 4308 396 4365 idem
414 4313 514 4381 postea
531 4311 561 4366 in
580 4313 680 4367 senatu
697 4309 826 4366 nonnulli
844 4311 989 4381 praetores
1007 4309 1106 4365 fecisse
1126 4309 1264 4380 dicuntur,
1284 4323 1346 4368 cum
1365 4324 1430 4380 age·

209 4400 288 4453 retur
306 4398 340 4454 dc
359 4399 429 4454 actis
449 4399 578 4476 Caesaris
596 4399 787 4456 rescindendis
806 4401 890 4469 (129).
