3482 5098
737 359 956 424 -21-

234 556 385 636 factores,
421 573 494 620 oum
517 553 636 635 populo
666 555 846 618 convocato
872 552 912 618 de
936 550 1100 635 Capitolio
1123 550 1368 633 descenderent,
1402 552 1451 618 ita

234 662 412 744 dubitasse,
436 666 545 728 utrum
561 660 700 742 populus
715 659 805 742 ipsos
821 663 859 725 ut
874 658 1098 744 tyrannicidas
1122 678 1164 725 an
1187 663 1225 726 ut
1240 677 1450 742 percussores

234 773 429 852 excepturus
443 772 541 850 esset,
557 771 595 833 ut
606 766 842 850 gladiatoribus
857 766 921 832 illis
933 768 975 833 D.
989 766 1087 833 Bruti
1099 766 1205 849 saepti
1220 766 1451 834 incentionem

233 875 411 958 prodirent,
446 874 600 958 populum
631 878 746 940 autem
781 893 842 940 sua
865 873 936 940 vice
964 873 1146 956 etiamtum,
1181 892 1254 940 cum
1276 872 1383 939 Bruto
1417 874 1452 939 in

233 987 343 1048 rostra
377 981 564 1048 escendenti
598 999 695 1048 aures
729 981 913 1064 praeberet,
947 980 1114 1062 metuisse,
1148 970 1190 1047 ne
1223 980 1451 1048 interfectores

234 1089 347 1156 amicis
371 1109 498 1173 quoque
522 1088 677 1156 Caesaris
701 1088 839 1155 sublatis
864 1088 973 1155 omnia
1000 1087 1177 1154 miscerent
1200 1092 1234 1154 et
1267 1088 1449 1155 turbarent.

322 1193 426 1276 Quem
461 1195 590 1278 quidem
624 1200 747 1262 metum
783 1195 943 1277 quomodo
971 1196 1016 1261 M.
1045 1195 1171 1262 Brutus
1206 1195 1355 1262 oratione
1390 1215 1451 1263 sua

232 1302 422 1370 discusserit
444 1305 663 1387 populumque
685 1305 782 1386 plane
806 1302 986 1385 sedaverit,
1015 1302 1102 1385 apud
1124 1302 1297 1368 Nicolaum
1321 1303 1450 1384 quidem

233 1411 362 1494 excidit,
379 1411 436 1477 sed
442 1412 507 1478 Dio
521 1412 638 1477 saltem
651 1409 706 1498 (cf.
719 1411 810 1494 p.20.
818 1410 862 1496 2),
876 1410 1025 1492 quamvis
1037 1409 1191 1492 breviter,
1207 1415 1296 1477 recte
1309 1411 1449 1478 exhibet.

317 1518 501 1600 Postquam
517 1519 600 1585 haec
615 1519 655 1585 de
671 1519 822 1585 contione
837 1518 882 1584 M.
899 1517 997 1583 Bruti
1012 1517 1265 1601 exploravimus,
1280 1517 1450 1586 videamus

229 1625 305 1709 iam,
331 1627 492 1709 quomodo
517 1645 557 1692 ea
580 1626 689 1692 contio
711 1626 746 1692 in
768 1627 840 1692 vita
862 1626 961 1692 Bruti
983 1625 1150 1707 descripta
1172 1624 1226 1692 sit.

316 1733 527 1816 Plutarchus,
556 1738 731 1817 postquam
759 1734 910 1800 narravit
936 1733 1164 1799 interfectores
1191 1733 1226 1799 in
1250 1731 1449 1816 Capitolium

228 1841 414 1923 secessisse,
438 1841 486 1907 sio
508 1841 616 1924 pergit
639 1840 707 1928 (18.
732 1840 781 1928 3);

316 1948 464 2015 Primum
488 1949 618 2032 quidem
641 1954 733 2016 ortas
757 1967 830 2016 esse
853 1948 1107 2015 vociferationes
1136 1952 1170 2014 et
1192 1946 1358 2016 discursus
1381 1951 1449 2017 tale

227 2056 354 2123 facinus
382 2057 518 2123 fortuito
546 2061 739 2123 consecutos
768 2059 943 2123 tumultum
972 2055 1118 2138 auxisse3
1152 2055 1208 2122 ubi
1236 2075 1314 2122 vero
1342 2076 1449 2140 neque

229 2163 346 2230 caedes
370 2164 437 2230 alia
458 2183 563 2247 neque
580 2164 719 2247 direptio
742 2164 838 2230 ullius
862 2163 952 2231 facta
975 2163 1029 2245 sit,
1054 2163 1162 2230 animo
1177 2167 1310 2246 recepto
1334 2183 1447 2231 ascen·

228 2271 316 2338 disse
331 2276 501 2338 senatores
526 2277 559 2338 et
574 2272 614 2338 de
629 2272 722 2354 plebe
744 2272 864 2338 multos
888 2272 930 2338 ad
945 2271 1034 2337 viros
1056 2271 1090 2336 in
1107 2269 1315 2353 Capitolium.
1363 2271 1448 2339 Con-

226 2381 364 2462 gregato
388 2385 498 2445 autem
521 2380 640 2461 populo
663 2380 805 2446 Brutum
828 2380 1023 2446 collocutum
1047 2397 1130 2460 esse,
1165 2398 1249 2460 quae
1273 2380 1315 2446 ad
1337 2381 1448 2463 populi

227 2485 354 2552 animos
378 2487 560 2569 captandos
576 2485 693 2552 idonea
710 2490 820 2553 essent
836 2490 869 2552 et
885 2484 1097 2552 convenirent
1111 2486 1210 2554 iacto.
1236 2486 1319 2554 Cum
1335 2492 1446 2554 autem

226 2594 440 2661 laudarentur
462 2598 496 2659 et
520 2594 716 2661 descendere
749 2593 892 2660 clamore
914 2593 1114 2676 iuberentur,
1149 2613 1205 2662 eos
1229 2595 1446 2678 descendisse,

227 2705 354 2768 ceteros
381 2701 519 2768 invicem
554 2720 590 2767 se
619 2701 805 2783 comitatos
831 2700 972 2768 Brutum
1007 2706 1118 2767 autem
1153 2703 1273 2774 multos
1301 2703 1445 2787 insignes

226 2809 314 2876 viros
337 2809 371 2875 in
393 2810 499 2876 medio
523 2815 715 2892 prosecutos
742 2811 838 2877 valde
861 2810 1027 2893 splendide
1051 2810 1225 2878 deduxisse
1248 2811 1289 2877 ab
1313 2829 1390 2878 arce
1413 2817 1447 2878 et
1546 2900 1550 2908 .

226 2916 259 2983 in
297 2917 414 2984 rostris
438 2916 666 3003 collocasse.1)

314 3026 345 3091 4.
391 3025 446 3092 Ad
470 3031 640 3109 aspectum
656 3026 725 3092 eius
741 3025 982 3093 multitudinem
998 3027 1147 3108 quamvis
1170 3027 1390 3109 promiscuam
1413 3032 1447 3094 et

226 3133 269 3199 ad
297 3134 561 3200 tumultuandum
596 3139 760 3216 paratam,
795 3133 968 3200 tremuisse
996 3138 1030 3200 et
1056 3133 1202 3200 futurum
1236 3139 1446 3217 exspectasse

226 3239 404 3328 composite
417 3245 450 3306 et
460 3241 598 3307 silentio.
623 3241 735 3324 Atque
748 3260 821 3307 cum
835 3241 1009 3324 prodisset,
1027 3259 1139 3308 omues
1150 3243 1326 3325 tranquille
1337 3241 1445 3308 verbis

226 3346 294 3413 eius
311 3366 407 3414 aures
431 3348 636 3430 praebuisse3
659 3353 851 3415 nontamen
868 3348 1016 3416 omnibus
1039 3353 1170 3432 gratam
1194 3368 1267 3416 esse
1291 3349 1445 3416 Caesaris

224 3473 336 3521 necem
365 3455 547 3522 ostendisse
571 3455 826 3538 multitudinem,
854 3475 927 3522 cum
956 3457 1115 3523 adversus
1139 3455 1276 3524 Cinnam
1300 3457 1334 3522 in
1361 3456 1445 3523 iram

227 3563 382 3645 prolapsa
420 3563 667 3645 maledictisque
704 3563 738 3628 in
774 3582 846 3630 eum
884 3560 1016 3630 invecta
1050 3563 1105 3647 sit,
1142 3564 1228 3646 quod
1267 3563 1445 3632 Caesarem

226 3687 383 3736 accusare
407 3689 543 3737 exorsus
567 3676 664 3738 esset.

312 3778 391 3844 Ideo
415 3778 503 3844 viros
527 3778 559 3844 in
584 3777 783 3861 Capitolium
813 3797 927 3845 rursus
954 3778 1090 3862 redisse,
1112 3778 1221 3862 ibique
1245 3782 1444 3846 metuentem

226 3883 425 3952 obsidionem
448 3886 590 3951 Brutum
614 3886 755 3969 optimos
779 3904 902 3967 eornm,
926 3884 981 3968 qui
1003 3904 1070 3952 una
1093 3885 1329 3968 ascendissent,
1364 3904 1385 3952 a
1408 3906 1444 3953 se

226 3992 387 4059 dimisisse
410 3992 566 4059 iniustum
591 4012 664 4059 esse
686 3997 796 4060 ratum
821 4011 888 4075 coe,
916 3992 971 4076 qui
999 3992 1079 4058 facti
1102 3991 1183 4058 socii
1205 4011 1270 4059 non
1293 3993 1442 4077 fuissent,

223 4100 308 4167 idem
332 4101 440 4169 subire
462 4101 650 4184 periculum.

311 4208 407 4274 Haeo
429 4207 628 4275 Plutarchus
650 4208 685 4275 in
707 4209 779 4275 vita
799 4208 908 4275 Bruti.

297 4368 315 4436 ¹)
336 4366 408 4422 Hinz
427 4367 445 4422 l.
465 4368 483 4423 l.
502 4383 529 4438 p.
549 4369 596 4424 65:
621 4367 707 4436 ,Eine
725 4365 807 4424 wilde
826 4365 1038 4424 Fechterbande
1056 4369 1136 4438 passt
1157 4366 1236 4422 nicht
1258 4365 1300 4422 als
1319 4365 1444 4439 satago

224 4455 275 4511 auf
297 4455 348 4511 das
371 4455 565 4527 sohbnfarhige
584 4456 656 4527 BiId,
684 4455 734 4513 das
753 4455 885 4514 Plutarch
913 4472 968 4512 von
995 4455 1050 4513 den
1067 4455 1235 4528 Vorgtngcn
1261 4457 1444 4515 unmittolher

223 4544 295 4602 nach
319 4546 369 4602 der
386 4545 527 4602 llordthat
545 4546 728 4604 entwiclelt.“
