3482 5098
718 371 938 434 ..43-

211 566 322 631 autem
345 582 423 646 pars
439 581 554 646 paoem
570 563 764 645 postularet,
787 561 971 628 Antonium
987 560 1125 642 primum
1141 562 1192 628 his
1213 561 1432 643 respondisse,

210 671 326 738 deinde
350 671 392 737 ad
415 691 486 752 eos,
523 671 578 754 qui
612 669 726 737 ulcisci
760 671 956 749 clamarent,
992 687 1186 735 conversum
1194 669 1218 751 1)
1254 668 1375 734 dixisse
1398 688 1433 733 se

210 759 317 861 ipsum
340 779 425 844 idem
452 779 593 860 primum
616 779 834 844 clamaturum
857 777 974 856 fuisse,
1009 775 1072 840 nisi
1100 777 1215 842 consul
1243 782 1344 857 esset,
1382 777 1433 841 cui

210 886 297 967 quod
320 885 492 968 diceretur,
515 886 548 952 id
572 885 691 969 quode
714 884 882 966 republica
905 889 1003 966 esset,
1028 883 1134 967 magis
1158 903 1256 966 quam
1279 883 1322 964 id,
1347 883 1434 965 quod

210 994 332 1060 iustum
355 998 454 1074 esset,
479 1012 577 1059 curae
601 999 699 1059 esset.

300 1100 396 1167 Talia
418 1100 565 1166 Antonio
601 1101 752 1183 ambigue
787 1097 928 1183 maurol)
964 1118 1035 1180 eos,
1072 1099 1127 1180 qui
1162 1098 1274 1164 ulcisci
1303 1098 1433 1178 vellent,

210 1207 371 1291 Lepidum
394 1208 537 1274 voluisse
561 1208 683 1274 ulcisci.
732 1193 815 1273 Cum
839 1212 949 1273 autem
971 1206 1117 1288 Lepidus
1142 1205 1264 1287 aliquid
1287 1206 1433 1272 dicturus

211 1319 310 1397 esset,
333 1316 448 1397 procul
463 1319 592 1381 stantes
608 1315 805 1381 descendere
822 1334 895 1381 eum
911 1314 945 1379 in
960 1314 1066 1379 forum
1082 1313 1228 1396 iussisse,
1252 1319 1289 1378 ut
1309 1313 1435 1394 pariter

212 1441 323 1488 omnes
347 1422 508 1489 audirent.
875 1413 877 1418 ’

300 1529 450 1612 Eumque
473 1530 507 1596 in
522 1531 628 1596 forum
645 1530 758 1596 statim
774 1529 874 1596 ivisse
890 1534 924 1595 et
939 1528 973 1594 in
988 1532 1098 1594 rostra
1114 1546 1282 1610 egressum
1298 1528 1432 1594 dixisse:

211 1637 262 1702 Ibi
284 1656 320 1702 se
343 1637 414 1702 heri
437 1656 510 1702 cum
535 1636 679 1704 Caesare
703 1638 850 1718 stetisse,
879 1636 935 1702 ubi
957 1655 1043 1701 nunc
1071 1640 1243 1718 cogeretur
1265 1653 1434 1716 quaerere,

213 1744 290 1824 quid
313 1744 352 1810 de
376 1743 521 1810 Caesare
544 1750 673 1811 mortuo
696 1744 766 1811 fieri
789 1745 919 1810 vellent.

299 1851 344 1917 Et
368 1871 442 1916 cum
463 1853 558 1918 multi
576 1851 774 1935 „Caesarem
797 1857 831 1918 te
852 1851 984 1918 ulcisci“
1011 1852 1203 1936 clamarent,
1227 1854 1343 1916 contra
1369 1851 1434 1915 cla·

214 1976 323 2024 masse
352 1959 595 2026 mercennarios
621 1957 763 2042 ,Pacem
786 1958 922 2042 urbi.“³)
968 1958 1129 2040 Lepidum
1152 1963 1263 2024 autem
1297 1957 1436 2039 primum

212 2066 263 2130 his
285 2067 536 2148 respondentem
559 2066 786 2132 interfectores
815 2066 948 2148 periurii
971 2065 1225 2149 insimulasset
1254 2064 1369 2130 deinde
1392 2064 1436 2130 ad

216 2191 289 2254 eos,
324 2173 380 2256 qui
413 2175 526 2240 ulcisci
553 2175 689 2255 vellent,
725 2172 951 2259 conversuml)
987 2173 1124 2254 dixisse,
1159 2172 1305 2255 pluribus
1341 2171 1437 2237 aliter

215 2282 355 2361 placere.

303 2385 450 2469 Cumque
477 2387 596 2454 iterum
619 2388 833 2455 clamassent:
872 2388 1058 2471 „Ulciscere
1093 2388 1146 2453 vel
1168 2385 1326 2471 solus“,⁶)
1361 2405 1435 2452 eum

214 2512 334 2576 anceps
358 2513 551 2577 responsum
574 2496 712 2562 dedisse.

303 2602 398 2668 Talia
421 2603 507 2668 hunc
530 2621 658 2685 quoque
674 2603 825 2686 ambigue
840 2602 1016 2686 locutum⁷)
1039 2601 1281 2668 mercennarios
1302 2600 1435 2666 honoris

215 2709 367 2792 cupidum
394 2728 467 2776 esse
495 2730 560 2776 non
582 2711 773 2793 ignorantes
797 2728 928 2776 creasse
955 2710 989 2776 in
1013 2707 1168 2776 Caesaris
1196 2710 1304 2775 locum
1330 2708 1437 2790 ponti-

215 2818 310 2882 ficem
332 2817 557 2900 maximum38)
571 2807 615 2882 vot
630 2818 754 2884 maiore
770 2817 870 2883 etiam
894 2816 1034 2883 audacia
1056 2820 1192 2899 propter
1211 2815 1437 2898 pontificatum

216 2923 256 2990 de
279 2942 360 3006 pace
383 2923 615 2990 mercennariis
631 2924 830 2990 instantibus
846 2924 1007 3006 Lepidum
1023 2924 1159 2990 dixisse:
1183 2923 1286 2990 Nefas
1308 2922 1437 3005 quidem

215 3048 288 3096 esse
310 3036 345 3097 et
367 3031 529 3112 illicitum,
565 3031 623 3097 sed
646 3036 758 3099 tamen
793 3051 829 3098 se
863 3030 1026 3097 iacturum
1062 3050 1149 3112 esse,
1184 3030 1270 3112 quod
1305 3029 1435 3095 vellent.

214 3136 364 3221 Eumque
387 3139 420 3203 in
444 3138 568 3204 curiam
590 3140 779 3206 recurrisse.

303 3245 486 3312 Antonium
510 3250 635 3328 autem,
671 3246 790 3312 ubine
817 3246 851 3311 in
873 3246 993 3328 populo
1029 3244 1159 3326 quidem
1182 3244 1305 3326 aliquid
1328 3244 1436 3310 acrius

214 3352 338 3418 factum
354 3357 452 3436 esset,
469 3353 627 3420 statuisse
641 3352 869 3419 interfectores
882 3371 1015 3419 servare
1031 3351 1230 3419 necessitate
1242 3351 1435 3436 coactum.⁹)
1544 3385 1548 3396 ·

218 3487 430 3498 --—-.—....

291 3566 310 3636 ¹)
330 3564 357 3627 ἐς
376 3563 404 3618 δὲ
422 3560 481 3626 τοὺς
501 3563 623 3634 ἐπεξιέναι
641 3565 848 3640 παρακαλοῦντας
867 3563 1026 3639 ἐπιστραφείς
1046 3605 1053 3622 .
1072 3605 1079 3622 .

285 3655 306 3723 ²)
328 3656 390 3711 131:
410 3657 514 3709 τοιαῦτα
531 3658 576 3708 τοῦ
595 3649 734 3712 ’Antoniou
751 3653 921 3727 τεχνάζοντος
941 3696 948 3712 .
968 3697 975 3712 .

286 3741 308 3814 ³)
327 3740 520 3816 ἀναβοησάντων
531 3741 559 3796 δὲ
569 3743 685 3799 aalide:
698 3741 833 3818 ,Ἀρύνειν
844 3762 873 3798 σε
883 3749 919 3816 'cip
927 3743 1063 3817 Καίσαρι“,
1072 3740 1256 3816 ἀντανεβόησαν
1266 3737 1289 3798 οἱ
1299 3741 1437 3815 producor:

217 3829 287 3904 ,lp
307 3829 408 3906 εἰρήνην
427 3837 459 3904 τῇ
479 3831 576 3888 πόλει.“

289 3922 310 3988 ⁶)
327 3923 422 3994 Atque
440 3922 510 3978 haec
529 3922 642 3994 quidem
662 3939 732 3978 ansa
749 3923 836 3978 fuisse
855 3922 966 3993 dicitur,
985 3939 1071 3995 quare
1088 3920 1283 3977 interfectores
1301 3919 1437 3992 populum

215 4014 400 4067 convocarent
418 4012 456 4082 (p.
476 4014 532 4080 31).

287 4101 308 4166 l)
326 4099 389 4173 πρὸς
408 4099 436 4153 δὲ
454 4097 514 4161 τοὺς
533 4099 634 4171 ἀμύνειν
654 4099 785 4169 ἀξιοῦντας
804 4098 966 4175 ἐπιστραφεὶς
985 4142 993 4157 .
1011 4145 1018 4160 .
1037 4098 1084 4170 (cl.
1103 4096 1165 4156 adn.
1189 4100 1224 4171 1).

287 4188 308 4266 ⁸)
323 4186 516 4263 οἰνακραηόντων
535 4187 562 4243 δὲ
583 4185 668 4252 sacre:
690 4187 823 4259 ηἸῖὶιιέξιθι
842 4189 918 4264 μόνος
938 4233 945 4247 .
964 4193 987 4246 .“

280 4269 304 4348 ¹²)
326 4280 390 4335 132:
408 4282 511 4344 τοιαῦτα
529 4271 571 4332 καὶ
588 4283 677 4332 τοῦτον
696 4277 851 4350 τεχνάζοντα
871 4321 878 4336 .
898 4321 906 4336 .
923 4278 968 4350 (οἷς
987 4279 1050 4336 adn.
1070 4280 1109 4350 2).

251 4385 254 4390 ·
287 4365 308 4436 ⁸)
327 4363 349 4419 οἱ
368 4364 494 4440 prototo?
513 4411 520 4426 .
539 4411 546 4424 .
566 4367 671 4442 ηροῠντο
691 4359 731 4420 ἐπὶ
749 4365 795 4439 τἠν
813 4367 943 4442 Καίσαρος
961 4366 1109 4442 ἱερωσύνην.

288 4456 314 4527 ⁹)
334 4455 474 4517 Ἀντώνιος
493 4456 521 4510 δέ
534 4499 542 4514 .
556 4498 573 4528 .,
592 4455 629 4518 a<
648 4454 701 4511 οὐδ’
719 4455 745 4510 ἐν
763 4459 801 4528 rip
820 4456 893 4531 δηρῳ
906 4473 930 4510 τι
948 4458 1064 4533 ηεηένητο
1082 4455 1247 4533 θερμότερον,
1265 4450 1325 4517 τοὺς
1344 4453 1437 4529 ἄνδρας

216 4541 278 4616 ἐἠνω
297 4544 448 4619 περισώζειν
468 4543 507 4598 ‘oa’
526 4543 643 4620 ἀνάηκης.
748 4563 750 4566 ·
