3482 5098
787 379 1008 442 ..22-

382 573 448 637 Vix
463 572 595 639 dubium
618 573 680 652 est,
705 571 781 654 quin
797 571 997 637 Plutarchus
1019 572 1053 637 in
1068 573 1140 638 vita
1154 573 1252 638 Bruti
1275 574 1357 639 talia
1376 592 1516 640 narrans

295 700 336 746 ea
358 679 515 762 proferat,
546 697 630 760 quae
654 678 695 744 ab
718 678 859 762 Empylo
883 679 1025 761 rhetore,
1054 680 1153 746 Bruti
1176 679 1339 762 familiari,
1375 681 1408 746 in
1435 682 1516 748 libro

295 788 335 854 de
359 786 459 853 caede
476 784 642 866 Caesaris,
666 784 824 867 inscripto
844 784 1021 867 „Brutus“,
1045 787 1078 851 in
1103 785 1171 852 eius
1191 786 1320 853 laudem
1337 787 1519 870 composita

301 898 396 960 erant
420 893 509 979 (1.2,
533 893 574 959 cf.
590 892 787 959 Wichmann
812 893 886 974 „De
901 893 990 959 Plut.
1013 893 1048 959 in
1070 893 1129 960 vit.
1146 892 1242 960 Brut.
1268 898 1301 960 et
1316 894 1397 961 Ant.
1414 896 1517 962 font.“

297 1001 394 1068 Bonn
419 1000 515 1082 1874,
539 1021 570 1082 p.
597 998 663 1085 19).

388 1107 427 1173 In
450 1106 622 1173 Plutarchi
646 1106 748 1190 igitur
780 1107 851 1173 vita
874 1108 972 1173 Bruti
994 1109 1077 1174 haec
1106 1107 1214 1173 contio
1242 1108 1326 1175 falso
1354 1110 1520 1192 descripta

298 1220 380 1297 erat,
405 1219 443 1281 ut
457 1214 555 1281 Bruti
570 1232 712 1296 persona
735 1218 925 1297 augeretur:
950 1215 1118 1281 nunciam
1133 1215 1313 1298 videamus,
1337 1237 1401 1299 quo
1424 1218 1519 1285 modo

297 1323 482 1406 AppianuS,
499 1322 555 1405 qui
571 1322 700 1404 quidem
716 1321 884 1404 proximus
900 1326 976 1404 post
991 1323 1207 1389 Plutarchum
1223 1324 1366 1406 scripsit,
1384 1325 1520 1391 eandem

296 1451 366 1498 rem
389 1429 594 1496 tractaverit.
640 1431 767 1497 Narrat
789 1435 900 1496 autem
923 1433 1019 1497 haec:

387 1537 461 1604 120.
502 1535 673 1620 Occupato
691 1537 855 1621 Capitolio
878 1538 1142 1606 interfectoribus
1159 1539 1324 1623 placuisse
1339 1539 1373 1604 in
1388 1539 1521 1621 vulgum

297 1645 465 1729 congiaria
489 1643 698 1727 distribuere3
713 1644 737 1730 ¹)
754 1645 940 1727 speravisse
956 1646 1041 1712 enim
1058 1665 1125 1728 eos,
1142 1649 1171 1714 si
1187 1652 1307 1728 essent,
1328 1647 1383 1729 qui
1398 1646 1522 1712 factum

296 1752 482 1834 laudarent,
506 1750 606 1817 etiam
627 1755 754 1818 ceteros
771 1751 819 1817 sic
835 1770 907 1818 esse
922 1751 1068 1818 facturos
1085 1753 1213 1819 ratione
1229 1753 1343 1820 habita
1359 1751 1521 1819 libertatis

299 1864 333 1926 et
355 1857 515 1926 desiderio
538 1857 745 1940 reipublicae.

387 1965 455 2030 Eos
480 1965 565 2031 enim
589 1965 766 2031 credidisse
788 1965 943 2048 populum
958 1966 1144 2032 Romanum
1167 1967 1267 2033 talem
1283 1985 1418 2049 prorsus
1439 1985 1522 2048 esse,

300 2072 430 2155 qualem
467 2071 568 2138 fuisse
603 2072 804 2154 temporibus
837 2072 937 2154 prisci
965 2073 1062 2138 Bruti
1090 2078 1291 2156 compertum
1320 2074 1523 2156 habuissent,

300 2199 406 2261 neque
429 2178 578 2245 conscios
602 2179 665 2245 sibi
687 2180 793 2245 factos
819 2197 901 2261 esse,
926 2180 1007 2246 duas
1030 2199 1083 2246 res
1106 2181 1193 2247 inter
1221 2201 1257 2247 se
1280 2181 1465 2248 contrarias
1488 2199 1524 2246 11

302 2292 504 2369 exspectare,
538 2286 701 2352 libertatis
729 2290 879 2353 amantes
902 2286 999 2353 simul
1026 2292 1060 2354 11
1081 2288 1323 2356 mercennarios
1346 2288 1427 2370 ipsis
1454 2288 1524 2354 fore

304 2413 371 2476 coe,
396 2393 451 2475 qui
473 2394 507 2459 in
531 2393 681 2460 contione
705 2394 869 2461 adessent.

389 2500 502 2584 Atque
526 2499 665 2568 alterum
694 2501 824 2585 quidem
851 2501 980 2568 facilius
1007 2502 1109 2570 fuisse
1137 2507 1293 2585 corrupta
1314 2503 1381 2569 iam
1404 2503 1524 2569 dudum

301 2609 478 2692 republica.

389 2717 422 2782 N
424 2715 682 2798 am'peregrinos
698 2715 764 2782 iam
779 2716 866 2782 inter
881 2718 1036 2799 populum
1051 2715 1171 2782 mixtos
1189 2735 1272 2799 esse,
1291 2721 1324 2783 et
1338 2717 1524 2783 hbertinum

188 2857 192 2866 ·
302 2844 361 2907 pro
386 2823 456 2890 cive
480 2842 515 2889 se
538 2841 663 2906 gerere,
687 2827 721 2888 et
744 2842 875 2890 servum
889 2824 1037 2904 eundem,
1061 2843 1157 2906 quem
1181 2823 1343 2906 dominus,
1366 2824 1525 2891 vest‘tum

302 2931 434 3012 habere,
459 2934 492 2996 et
514 2930 712 2996 fulmentum
734 2930 821 3012 plebi
848 2931 985 3013 pauperi
1008 2931 1230 3012 praebendum
1270 2933 1342 2998 sola
1377 2932 1411 2998 in
1445 2932 1526 2997 urbe

304 3038 444 3105 otiosum
483 3042 517 3104 at
546 3037 730 3104 mendicum
765 3041 799 3104 et
833 3038 1029 3104 sceleratum
1052 3037 1172 3104 Italiae
1206 3040 1362 3121 populum
1385 3039 1526 3105 Romam

303 3145 465 3212 adducere
488 3149 522 3211 et
545 3165 563 3211 e
586 3145 764 3226 veteranio,
787 3164 852 3210 nnn
868 3145 934 3211 iam
951 3145 1081 3211 domum
1097 3145 1250 3228 dimissis
1274 3151 1312 3212 ut
1327 3145 1414 3228 olim,
1437 3148 1527 3211 metu

304 3256 429 3334 exorto,
453 3272 493 3318 ne
517 3251 640 3318 iniusta
662 3252 748 3318 bella
775 3251 965 3336 gessissent,
1001 3253 1059 3319 sed
1095 3254 1291 3320 catervatim
1320 3253 1354 3318 in
1382 3253 1527 3319 colonias

302 3380 361 3443 per
384 3359 537 3426 miuriam
567 3359 725 3440 deductis
761 3359 1002 3426 multitudinem
1030 3361 1174 3442 aliquam
1201 3379 1269 3427 una
1292 3366 1361 3427 tum
1383 3361 1527 3427 locatam

303 3468 405 3534 fuisse
427 3467 461 3532 in
485 3467 614 3548 templis
644 3469 677 3532 et
701 3465 797 3548 areis,
823 3467 893 3534 ,sub
927 3487 992 3534 uno
1027 3467 1145 3534 vexillo
1181 3472 1215 3534 et
1250 3468 1310 3534 sub
1345 3487 1410 3533 uno
1446 3467 1527 3533 duce

304 3575 461 3656 coloniae,
485 3578 585 3656 atque
602 3573 662 3639 hos
681 3573 811 3656 quidem
827 3593 905 3640 suas
920 3594 985 3658 res,
1008 3579 1046 3641 111
1061 3576 1266 3657 profecturos
1290 3571 1367 3656 iam,
1392 3593 1526 3641 venum·

304 3682 444 3763 dedisse,
471 3681 605 3748 venales
634 3685 745 3748 autem
768 3681 880 3764 fuisse,
903 3682 937 3748 iu
966 3683 1179 3764 quodcunque
1210 3682 1480 3748 conducerentur.

395 3788 469 3855 121.
514 3788 612 3855 Unde
636 3807 702 3854 nnn
725 3788 854 3856 difficile
877 3809 917 3855 ex
940 3794 992 3856 tot
1015 3794 1049 3856 et
1072 3789 1192 3856 talibus
1208 3788 1392 3855 hominibus
1416 3788 1526 3855 multi·

306 3896 452 3964 tudinem
475 3896 619 3978 aliquam
643 3894 760 3962 Cassio
795 3897 828 3962 in
862 3897 968 3962 sorum
1003 3897 1116 3962 statim
1145 3899 1381 3979 congregatam
1410 3895 1528 3976 strisse3

305 4023 399 4088 quoe,
429 4003 579 4086 quamvis
607 4003 713 4086 pretio
742 4003 894 4070 conducti
917 4003 1065 4086 fuissent,
1101 4008 1212 4069 tamen
1247 4003 1371 4069 factum
1394 4003 1530 4069 laudare

306 4129 404 4178 ausos
420 4130 485 4177 nou
501 4129 574 4178 esse
589 4114 773 4178 metuentes
787 4110 942 4179 Caesaris
958 4111 1096 4195 gloriam
1113 4114 1146 4177 et
1161 4109 1341 4193 periculum
1357 4128 1378 4176 a
1393 4109 1528 4191 reliquis

307 4218 490 4300 imminens
526 4218 594 4301 sed,
618 4219 772 4301 quoniam
796 4219 1003 4301 erepublica
1032 4222 1131 4300 esset,
1166 4237 1282 4301 pacem
1311 4219 1472 4283 clamasse
1496 4219 1530 4280 et

305 4325 482 4392 identidem
505 4325 721 4410 magistratus
744 4345 803 4408 pro
826 4344 908 4409 pace
932 4327 1113 4394 advocasse
1129 4325 1251 4390 -hoc
1274 4324 1348 4391 dolo
1372 4324 1405 4389 in
1429 4323 1528 4388 inter·

307 4452 520 4472 —b—

377 4538 398 4611 ²)
417 4529 459 4594 καὶ
486 4535 570 4598 αὐτοῖς
599 4535 789 4615 βουλευομένοις
822 4534 907 4606 ἔδοξέν
936 4527 975 4592 ἐπὶ
1005 4535 1037 4590 πὸ
1064 4536 1153 4611 πλήθη
1179 4535 1333 4610 μισθώματα
1359 4533 1529 4608 περιπέμπειν.
